2758 4790
14 551 15 626 f
136 587 207 649 dum
232 581 361 668 prmitur
393 591 425 647 et
456 601 574 667 poenas
608 583 679 661 dat,
716 583 865 650 liberatus
895 575 917 650 'a
945 583 1133 669 uitiositaite,

136 687 267 753 reluta
299 685 445 770 eorporis
470 688 587 751 morbo
605 689 822 753 mordentibus
855 691 991 759 solemus
1029 703 1061 756 et
1087 693 1137 758 in-

127 789 236 876 *gratis
255 790 503 869 medicamentis,
534 790 638 873 possit
661 791 782 858 felicius
810 814 924 879 agere,
954 805 987 859 et
1007 795 1137 860 liberta-

135 903 234 956 tatem
251 913 323 958 cum
340 893 492 958 servitute
514 905 724 972 commutare,
749 899 837 980 qnod
853 895 959 963 mitior
978 898 1138 964 correctio

136 1006 274 1080 propter
308 995 503 1061 vitiosiorem
536 995 677 1060 habitum
713 998 837 1082 assequi
873 1021 939 1066 non
968 999 1137 1083 potuisset.

97 1144 99 1154 .
136 1099 183 1164 Ut
217 1100 296 1166 adeo
328 1099 404 1164 nihil
433 1099 532 1178 absit,
571 1121 636 1185 quo
671 1100 772 1165 minus
807 1101 897 1178 mali,
949 1115 1020 1168 utut
1046 1102 1138 1168 inviti

134 1201 210 1266 mali
238 1203 316 1281 sint,
350 1203 550 1268 nihilominus
579 1202 769 1286 puniantur,
808 1203 960 1288 siquidem
987 1226 1053 1270 non
1082 1227 1137 1272 au-

136 1317 255 1391 gentur
285 1305 396 1385 malis,
444 1310 502 1372 sed
531 1306 694 1372 utilitatem
727 1305 854 1390 capiunt
891 1329 933 1371 ex
967 1309 1137 1391 supplicio.

135 1410 210 1473 Hae
230 1430 311 1495 ergo
329 1409 452 1474 ratione
474 1422 546 1474 sunt
566 1410 638 1489 Dii,
671 1410 732 1475 hac
752 1410 925 1495 provident
944 1411 1135 1489 hominibus,
1196 1457 1201 1468 ,

134 1514 198 1577 hac
220 1513 293 1577 mali
312 1533 405 1578 causa
425 1533 491 1578 non
511 1525 601 1593 sunt,
638 1513 699 1577 hae
719 1514 853 1599 denique
873 1514 941 1580 lato
961 1513 1136 1578 inevitabili

134 1617 226 1701 quod
250 1616 401 1700 optimum
423 1627 471 1680 est
491 1616 603 1701 cuique
631 1617 785 1683 tribuunt.
829 1618 937 1699 Quare
957 1629 994 1683 ut
1014 1616 1136 1684 modioe

135 1720 256 1788 dictum
276 1720 337 1798 sit,
358 1719 420 1784 iam
442 1721 517 1786 satis
538 1720 655 1788 dictum
676 1734 760 1788 esto.

134 2365 365 2436 BussAmo
387 2365 675 2436 CARDINALIS
702 2365 820 2436 VIRO
849 2363 1136 2435 DOCTISSIMO

221 2509 550 2580 PRAEGEPTORI'
568 2509 656 2578 SUO
686 2509 900 2578 GEORGIO
925 2509 1137 2578 GEMISTO

223 2651 260 2715 S.
282 2650 328 2716 D.

536 2776 739 2878 mipace·

199 2950 322 3016 Verum
343 2950 426 3018 enim
452 2973 533 3017 vcro
562 2950 644 3015 inter
665 2951 885 3036 pervulgatam
911 2970 1040 3036 quoque
1061 2970 1134 3016 sen·

131 3054 263 3121 tentiam
280 3058 318 3120 de
333 3057 416 3138 Fato
434 3067 464 3120 et
475 3054 659 3119 necessitate
680 3053 872 3140 distinguere
892 3052 1039 3120 videntur
1054 3054 1135 3118 Sim-

132 3156 249 3244 plicius
273 3167 303 3220 et
329 3158 591 3241 olympiodorus.
634 3156 699 3222 Hic
723 3157 848 3242 quidem
873 3156 905 3220 iu
925 3157 1137 3222 Animaduer-

132 3259 279 3328 sionibus
299 3258 335 3322 in
354 3261 560 3327 Enchiridion
586 3259 742 3344 Epicteti,
782 3271 948 3325 aversatur
970 3279 1045 3336 eos,
1082 3259 1137 3343 quui

134 3361 316 3429 necessitati
338 3361 441 3426 omnia
461 3364 657 3443 devinciunt,
681 3376 713 3428 et
731 3363 927 3450 argumentis
946 3383 1059 3444 eorum
1080 3384 1138 3426 ex·

134 3466 249 3551 positis
281 3475 374 3550 atque
395 3464 513 3529 cversis
539 3465 608 3550 ipse
633 3467 769 3536 ostendit
796 3477 828 3530 et
853 3464 1029 3544 concludit,
1067 3465 1139 3548 opi·

136 3569 264 3633 uionem
282 3579 314 3631 et
330 3567 517 3634 desiderium
533 3567 670 3648 animae,
697 3570 783 3634 acin
804 3568 986 3634 universum
1009 3567 1140 3632 electio·
1207 3593 1209 3598 ’

134 3693 207 3736 nem
236 3691 273 3734 ac
299 3671 500 3754 propositum
524 3691 594 3734 esse
617 3671 650 3734 iu
671 3672 805 3738 arbitrio
825 3671 978 3750 hominis,
1017 3692 1136 3755 nequa·
1245 3665 1252 3680 '

135 3793 231 3858 quam
254 3795 333 3840 vero
350 3787 474 3840 coacta.
516 3773 631 3856 Aliter}
645 3773 726 3838 enim
743 3788 916 3840 nemetum
931 3773 1056 3859 quidem
1071 3774 1136 3838 eius

135 3888 343 3959 spontaneum
376 3897 472 3963 posse
510 3875 652 3954 servari,
700 3873 774 3961 quin
805 3899 845 3942 ne
880 3877 981 3962 ipsam
1012 3876 1136 3962 quidem
1229 3931 1232 3934 ,

138 3978 320 4058 essentiam
362 3984 417 4048 sed
448 3981 578 4050 sintriae
608 3979 759 4048 tollantur
791 4001 849 4063 ea,
896 4003 976 4067 quae
1008 3979 1070 4048 sint
1103 3979 1136 4044 in
