2804 4786
349 545 423 611 sarii
443 547 549 614 locum
568 538 742 633 ,συντόμως
769 544 905 610 afferens
927 540 1108 625 Γηλαίονς,
1144 563 1210 608 non
1231 551 1267 610 ut

351 662 398 716 est
419 654 503 734 apud
525 648 680 716 Ortelium
705 649 878 724 detineor,
903 647 1003 710 multo
1025 645 1144 726 minus,
1168 659 1204 710 ut
1221 659 1269 712 est

352 757 435 838 apud
456 757 666 836 Inter-protem
685 742 866 836 Agellocos
895 761 1001 816 vocat.
1027 751 1139 834 Itaque
1153 751 1269 834 Γῆλοι,

351 858 421 936 vel,
452 856 560 924 otalii
581 857 684 936 Γηλοὶ
695 904 704 936 ,
726 853 851 935 Ibida,
872 855 1010 933 Γέλλαι,
1031 855 1170 922 Γελαῐοι,
1186 855 1272 938 apud

354 959 497 1026 diversos
520 970 667 1023 auctores
689 977 822 1040 prorsus
845 955 950 1022 iidem.
973 956 1145 1022 ,Feminae
1166 969 1271 1022 antem

351 1057 517 1145 Γῦλισσαι
540 1063 735 1128 dicebantur.
779 1060 825 1124 At
839 1059 964 1128 Patrios
978 1059 1033 1146 qni
1045 1062 1181 1128 Γιλαῐοι
1201 1082 1272 1126 sae-

351 1166 421 1250 pius
443 1179 475 1232 et
497 1166 664 1251 aliquando
687 1166 851 1244 Γελλαῐοι,
884 1160 1006 1228 Latinis
1030 1162 1150 1231 Gelani
1168 1175 1201 1228 et
1216 1165 1273 1231 Gr·

358 1271 463 1338 tenses
483 1269 701 1352 interdumque
718 1267 881 1334 Gcllenses
902 1265 935 1330 iu
957 1264 1063 1330 Sicilia
1084 1278 1169 1332 sunt.
1188 1268 1271 1331 Nam

352 1369 502 1451 Γελώονς
522 1373 642 1438 fristra
664 1369 840 1452 Stephanus
862 1368 1018 1451 repudiat.
1054 1369 1197 1438 Γελιῦνοι
1219 1372 1272 1433 de·

353 1475 447 1560 niq'ue
462 1475 494 1540 in
510 1473 684 1554 sumatis,
705 1471 819 1555 partim
835 1473 1023 1556 Europaea,
1045 1472 1271 1556 partimAsia·

356 1581 431 1645 tica.
474 1581 593 1660 (idem)

271 1685 325 1767 13)
354 1677 469 1773 παρὰ
487 1674 727 1771 Βάκτροις]
745 1677 923 1744 Caesarius
945 1678 969 1743 l.
992 1680 1108 1748 citde
1131 1678 1275 1745 Bactria·
1386 1669 1387 1678 ¹

238 1851 243 1864 ,
353 1784 401 1850 n‘s
423 1783 605 1848 mulieribus
626 1782 721 1858 nihil;
757 1794 791 1845 at
814 1783 951 1849 Susianis
981 1785 1088 1847 eadem
1116 1783 1272 1848 attribuit.

349 1883 406 1956 Ἐν
427 1888 463 1955 δὲ
484 1881 654 1966 Σούσοις,
674 1885 794 1971 inquit,
818 1886 876 1967 τῆς
889 1887 1092 1972 Βαβυλῶνος
1113 1889 1149 1952 αἱ
1161 1889 1275 1973 γνναῖ-

357 2013 412 2068 αις
433 1993 531 2056 παντὶ
551 1981 644 2080 μύρῳ
667 1989 860 2080 διαφέροντι
871 1989 1017 2081 χρῶνται
1028 2039 1037 2069 ,
1058 1985 1277 2081 ὑπηρετοῦμε-

356 2117 414 2162 ναι
434 2095 506 2186 καὶ,
520 2092 670 2185 φαιδρῶς
697 2093 899 2180 προϊοῦσαι,
936 2089 997 2160 σὺν
1023 2092 1194 2185 βλωσνρίρι
1222 2096 1279 2160 καὶ
1388 2136 1389 2166 ι

359 2191 509 2286 διαχύσει
530 2194 644 2289 πολλῇ.
687 2195 805 2276 (idem)

274 2303 330 2384 11)
357 2305 426 2368 καὶ
447 2299 493 2393 τῇ
510 2293 732 2392 Ὀσροηνῇ]
753 2297 898 2362 Osroene
919 2299 1010 2383 regio
1027 2297 1136 2380 Syriae
1157 2299 1190 2363 in
1204 2297 1279 2363 Me·
1388 2293 1389 2302 ’

358 2401 553 2487 sopotamiae
575 2400 736 2478 confinio,
774 2401 807 2464 in
832 2423 895 2487 qua
917 2403 1037 2466 Edessa
1061 2416 1092 2466 et
1114 2403 1279 2486 Nicepho-

358 2506 462 2584 rium,
484 2506 580 2568 nrbes
601 2503 689 2567 iuxta
710 2506 907 2587 Euphratem
925 2505 963 2570 fl.
995 2505 1068 2587 (O.)

277 2612 330 2692 15)
358 2605 483 2701 Παρὰ
508 2601 736 2699 Πάρθοις]
782 2605 939 2680 Cruentae
971 2608 1063 2674 huius
1099 2623 1130 2676 et
1164 2610 1281 2694 impiae

278 2743 282 2754 ·
361 2710 593 2777 consuetudinis
609 2709 797 2776 mentionem
820 2711 894 2777 alibi
915 2732 979 2776 non
1000 2712 1142 2797 reperio.
1173 2715 1282 2780 Multa

360 2819 399 2880 de
421 2815 615 2882 Parthorum
636 2812 777 2877 moribus
806 2813 838 2878 in
866 2813 1025 2898 historicis
1048 2817 1281 2882 commentariis

363 2919 480 2986 Strabo
502 2917 690 3000 scripserat,
716 2927 749 2980 ut
769 2915 866 2980 Libr.
883 2919 1072 3004 Geograph.
1094 2919 1159 2986 xl.
1181 2919 1283 3008 signi·

362 3024 448 3086 ficat.
492 3022 636 3104 (Vigor.)

279 3131 333 3211 16)
300 3124 397 3194 Ε
401 3150 419 3194 ν
432 3120 627 3213 Ἄρποις]
660 3121 861 3208 Intelligendi
880 3123 1027 3190 fortassis
1048 3124 1172 3190 incolae
1193 3125 1284 3190 urbis

331 3233 537 3310 Atratum,
563 3229 601 3288 de
623 3245 685 3309 qua
707 3226 883 3309 Stephanus
906 3227 990 3309 Byz.
1005 3223 1168 3319 ’Ἀιραι·
1188 3223 1285 3308 πόλις

354 3326 482 3422 pezae)
499 3323 691 3450 Ενφρατον
713 3334 768 3396 καὶ
795 3329 964 3421 Τίγρητος.
1007 3330 1081 3412 (0.)

280 3440 378 3519 17)
363 3461 403 3503 ιν
426 3436 471 3529 τι)
492 3428 596 3525 ἄνιῃ
581 3426 846 3526 Ἀνατολῇ]
878 3428 990 3498 seit'
970 3429 1038 3501 απὸ
1060 3433 1120 3501 τοῦ
1137 3427 1287 3526 ’Eupori-

364 3563 422 3608 wv
444 3535 595 3650 ποταμοῦ
617 3539 672 3600 καὶ
692 3538 786 3622 μέχρι
810 3535 872 3602 τοῦ
875 3530 1089 3603 Ωκεανοῦ
1068 3561 1110 3614 ως
1131 3535 1184 3604 ἐπι
1204 3559 1288 3602 ανα-

259 3653 261 3662 “
366 3637 481 3718 τοῦάς,
501 3648 537 3702 nt
558 3638 588 3702 in
612 3638 864 3702 antecedentibus
887 3637 1024 3704 dixerat.
1068 3637 1158 3720 (0..)

280 3749 335 3826 18)
363 3738 489 3834 Παρὰ
509 3743 551 3808 δὲ
574 3735 757 3819 Γάλλοις
779 3741 863 3824 etc]
908 3740 1073 3808 Germanis
1095 3743 1159 3808 boe
1181 3744 1288 3808 scelus

366 3845 506 3910 attribuit
530 3844 644 3908 Sextus
668 3842 846 3927 Empiricus
862 3843 1027 3925 Pyrrhon.
1045 3845 1171 3931 Hypot.
1188 3845 1286 3910 Libr.

365 3951 428 4019 111.
461 3945 543 4032 Cap.
567 3947 620 4012 21.
652 3954 682 4025 §.
719 3947 792 4040 191).
824 3942 894 4015 ὀῑον
914 3949 994 4034 γοῦν
1015 3945 1108 4036 παρὰ
1127 3942 1206 4037 ἡμῖν
1226 3957 1290 4035 μὲν
