2758 4790
437 975 760 1051 DeFato.

127 1181 194 1263 (Ex
215 1182 345 1250 Alcinoi
365 1183 605 1250 Introductione
626 1127 860 1252 iniPlatonem.
905 1182 988 1274 Cap.
1012 1186 1081 1268 26.)
1167 1175 1170 1182 ’

382 1383 506 1456 Hngqne
523 1383 630 1439 Gratia
652 1389 821 1454 interprete.
840 1377 843 1382 ¹

524 1600 717 1619 m

168 1785 220 1852 De
239 1785 323 1850 Fato
339 1787 418 1850 haee
436 1795 507 1850 sunt
523 1783 668 1852 Platonis
685 1785 818 1868 placita:
843 1783 957 1849 Omnia
973 1784 1006 1850 in
1024 1767 1106 1852 Fate

106 1911 175 1954 esse
205 1888 310 1966 dicit,
333 1911 398 1954 non
425 1900 529 1953 tamen
552 1889 656 1953 omnia
681 1889 764 1952 Fato
800 1891 939 1952 decreta.
993 1889 1106 1952 Fatum

110 1994 193 2058 enim
217 1992 298 2078 legis
323 1992 388 2055 vim
411 1991 528 2070 habel,
574 2013 638 2056 non
666 2003 701 2055 ut
726 1992 808 2055 <licat
834 1991 970 2074 exempli
991 2013 1106 2056 causa:

108 2097 160 2160 ille
183 2096 244 2184 ieta
263 2094 378 2171 saciet,
402 2094 462 2157 ista
482 2095 619 2177 patietur
640 2095 685 2175 <id
707 2089 788 2158 eninr
808 2095 840 2157 in
861 2093 1014 2158 infinitum
1031 2093 1104 2172 iret,

7 2263 8 2268 ,
110 2222 182 2264 cum
205 2198 343 2263 infinitae
368 2197 429 2260 sint
456 2220 507 2261 res
534 2219 613 2284 qnae
638 2198 717 2260 liunt
739 2211 770 2261 et
793 2197 913 2262 infinita
932 2197 1007 2280 ipsis
1026 2196 1109 2262 acei-

109 2305 199 2368 dunt.
243 2303 415 2366 Praeterea
445 2300 510 2364 hoe
542 2305 638 2366 modo
672 2302 838 2366 tolleretur
869 2283 922 2381 id,
963 2303 1051 2386 qnod
1077 2300 1110 2365 in

106 2418 217 2470 nostra
244 2404 404 2488 potestate¹
426 2417 491 2482 est,
533 2416 564 2468 et
595 2406 702 2469 landes
734 2417 765 2468 et
797 2405 1044 2489 vituperationes
1077 2413 1109 2468 et

109 2508 261 2594 quicquid
283 2508 331 2571 his
353 2520 401 2572 est
421 2507 524 2588 affine)
541 2510 597 2571 sell
616 2508 680 2573 hoc
701 2512 816 2573 modoz
848 2509 967 2594 Siquis
989 2509 1108 2572 animus

106 2614 201 2676 talem
223 2612 319 2676 vitam
341 2611 436 2696 eligat
454 2623 485 2682 et
502 2612 575 2674 talia
595 2612 707 2690 faeiat,
731 2613 805 2677 talia
822 2635 893 2677 eum
910 2634 1109 2696 consequen-

106 2728 172 2779 tur.
216 2717 277 2780 Est
298 2737 378 2800 ergo
400 2715 519 2778 animus
544 2737 608 2781 non
629 2718 687 2779 sub
712 2717 859 2794 domino,
890 2728 922 2779 et
939 2737 1036 2800 penes
1057 2715 1108 2798 ip-

107 2843 178 2885 sum
210 2831 257 2882 est
286 2839 383 2904 agere
410 2819 463 2881 vel
487 2841 552 2884 non
581 2841 694 2906 agere:
736 2841 837 2904 neque
862 2820 957 2882 ullam
987 2820 1020 2882 in
1048 2819 1109 2882 illis

108 2922 228 3008 patitur
263 2923 491 2986 necessitatem.
548 2921 595 2986 At
624 2926 712 3006 qnod
738 2923 786 2986 his
817 2934 865 2985 est
890 2943 1106 3007 consequens,

55 3084 57 3090 .
108 3028 142 3091 id
168 3049 210 3090 ex
241 3024 313 3089 Fati
344 3025 540 3091 ordinatione
570 3026 764 3109 implebitur.
822 3027 971 3109 Exempli
1006 3025 1109 3111 gratia

110 3153 183 3194 eum
203 3130 281 3195 illud
297 3129 390 3192 Paris
412 3130 513 3213 rapiet
534 3131 706 3207 Helenam,
745 3141 826 3194 esset
848 3129 878 3192 in
899 3129 1023 3194 Paridis
1047 3152 1109 3212 po-

108 3241 241 3310 testate,
276 3253 315 3296 eo
340 3234 413 3295 dato
437 3247 587 3317 sequetur
609 3235 705 3298 illud:
744 3235 866 3299 Bellum
891 3233 923 3296 in
948 3233 1108 3297 Troianos

110 3337 229 3402 Graeci
251 3345 363 3422 gerent
383 3349 519 3418 propter
539 3338 706 3403 Helenam.
750 3339 833 3414 Nam
859 3336 905 3400 sic
930 3348 962 3399 et
986 3335 1110 3420 Apollo

110 3440 196 3504 Laio
218 3439 437 3524 praedixerat:

243 3563 282 3617 Te
301 3579 421 3633 namque
436 3568 578 3634 perimet,
596 3570 622 3617 si
641 3569 774 3637 quaerit
791 3555 890 3634 proles
909 3565 974 3620 tibi.

178 3675 268 3737 Intra
284 3672 364 3758 legis
383 3684 486 3736 aulem
507 3674 655 3738 ambitum
674 3675 952 3759 comprehenditur
970 3687 1002 3738 et
1015 3673 1115 3740 Laius
1178 3685 1181 3692 ’

112 3787 146 3842 et
168 3774 249 3839 satio
274 3776 398 3858 prolis:
422 3777 505 3840 Fato
532 3789 634 3841 autem
655 3781 814 3842 decretum
837 3791 956 3843 tantum
974 3790 1020 3841 est
1038 3777 1115 3841 illud

112 3898 325 3962 consequens.
383 3881 506 3944 Natura
534 3880 600 3946 eins
640 3883 729 3964 quod
765 3881 835 3946 fieri
871 3895 994 3964 potest,
1036 3881 1116 3972 iacet
1157 3899 1166 3910 ··

111 3983 350 4068 quodammodo
375 3981 458 4050 inter
479 4005 589 4052 verum
613 3996 644 4052 et
664 3985 795 4058 salsum:
826 3985 897 4056 fieri
921 3999 1023 4053 autem
1045 4007 1116 4054 cunr
