2782 4790
263 367 323 428 130

259 531 358 658 χάριν
386 531 427 603 ἂν
455 532 626 630 ἀπαντήσῃ
654 537 688 600 ἐκ
718 535 777 600 τοῦ
805 529 962 602 σκάπτειν
983 536 1165 624 θησαυροῦ
1186 559 1273 614 τινος

265 633 404 728 ε’ύρεσις,
441 633 507 706 άπὸ
508 634 633 759 τύχης
655 645 765 730 φαμὲν
786 633 845 720 τὴν
866 633 992 728 ε’ύρεσιν
1012 638 1072 703 τοῦ
1093 641 1273 728 θησαυροῦ

263 745 447 835 χεγονὲναι·
482 737 540 808 οὐκ
562 738 629 808 άπὸ
650 736 749 863 τύχης
770 742 861 822 δὲ,’
845 767 873 807 ει
895 736 1015 808 τούτου
1034 734 1133 831 χάριν
1156 739 1274 812 ἕσκαπ

263 869 325 913 τεν.
374 839 456 910 Τότε
477 853 538 931 μὲν
558 841 622 936 γάρ
644 831 685 926 ἦν
706 840 744 910 ού
767 841 855 910 κατὰ
875 838 1082 931 συμβεβηκός
1109 838 1149 908 τὸ
1173 838 1276 911 σκάπ-

263 973 330 1014 τειν
352 949 410 1028 τῆς
438 949 590 1068 ἑνρέσεως
621 943 748 1028 άὶιιον,
784 939 890 1038 ὥσπερ
920 942 1067 1013 οὐδὲτὸ
1096 947 1276 1038 φυτεύσαι·
1341 1003 1342 1006 ,

262 1054 320 1116 νῦν
342 1054 377 1118 δὲ
363 1050 485 1118 ἑκατά
507 1048 738 1176 συμβεβηκὸς,
752 1045 790 1116 ού
805 1046 869 1172 γάρ
882 1044 1001 1116 τούτου
1013 1045 1113 1140 χάριν
1125 1049 1279 1136 ἕχιχνετο.

261 1147 311 1218 Η
319 1156 400 1238 χοῦν
421 1150 502 1242 τύχη
525 1157 593 1220 ἐστὶ
608 1150 647 1219 τὸ
658 1149 744 1220 κατὰ
758 1175 951 1244 προαιρεσιν
965 1147 1175 1240 χιχνύμενον,
1198 1143 1278 1219 ὅταν

262 1252 370 1323 άίτιόν
390 1281 483 1336 τινος
500 1260 633 1344 χένηται
654 1253 741 1322 κατά
762 1250 1029 1342 συμβεβηκὸς,
1009 1254 1156 1350 αορίστω
1179 1257 1221 1336 ¹³)
1244 1257 1278 1322 δὲ

217 1369 219 1373 ’
263 1357 312 1425 άεὶ
335 1355 441 1428 άίτιον
463 1355 566 1439 ὁύτως
587 1358 626 1426 τὸ
647 1356 737 1437 τινὸς
762 1354 861 1450 χάριν
888 1353 1080 1446 γιγνόμενον
1113 1360 1278 1444 γίγνοιτο,

262 1468 318 1528 καὶ
341 1464 387 1544 ἐίη
409 1459 452 1529 ἂν
472 1452 491 1543 ἡ
513 1458 593 1551 τύχη
615 1457 707 1529 άιτὶα
728 1457 815 1534 κατά
837 1456 1060 1547 σναβεβηκύς·
1083 1457 1145 1549 οὐχ
1168 1456 1280 1538 ἁπλῶς

261 1567 316 1645 δὲ,
339 1561 407 1633 ἀλλ’
432 1567 465 1632 ἐν
488 1569 557 1643 τοῖς
577 1569 760 1647 ποιητικοῖς
782 1569 852 1642 τοῖς
874 1558 966 1632 ἕνεκά
987 1589 1048 1630 τον
1062 1567 1281 1652 γιγνομένοις,

262 1675 319 1737 καὶ
340 1664 469 1735 τούτων’
486 1669 519 1734 ἐν
540 1673 610 1746 τοῖς
632 1665 719 1735 κατά
738 1668 940 1759 προαίρεσιν.
972 1663 1032 1734 ’ού
1055 1665 1122 1758 γάρ
1146 1671 1282 1754 λέγομεν

263 1769 302 1838 τὸ
324 1768 391 1838 άπὸ
412 1767 511 1859 τύχης
543 1772 576 1838 ἐν
605 1777 674 1852 τοῖς
702 1769 789 1838 κατά
815 1766 918 1864 φύσιν
938 1773 1164 1858 γιγνομένοις,
1203 1761 1283 1838 ὅταν

263 1871 348 1942 ἄλλο
370 1899 403 1940 τι
424 1872 517 1966 παρά
538 1870 596 1941 τὸν
615 1876 674 1956 τῆς
696 1871 824 1968 φύσεος
847 1871 971 1942 σκοπὸν
990 1876 1148 1959 γένηται,
1179 1865 1281 1964 ὥςπερ

261 1975 305 2044 τά
326 1982 466 2070 τέρατα·
501 1983 557 2045 καὶ
578 1973 641 2069 χάρ
663 1973 788 2044 τούτων
810 1979 880 2046 ἐστὶ
898 1985 959 2066 μὲν
979 1972 1018 2041 τὸ
1041 1972 1149 2067 φύσει
1171 1971 1283 2064 γιγνό-

261 2105 359 2168 μενον
381 2076 468 2147 κατὰ
490 2078 695 2168 συμβεβηκὸς
716 2076 841 2148 άίτιον·
879 2076 917 2147 ού
947 2075 1012 2167 μὴν
1040 2073 1144 2197 τύχης
1173 2082 1283 2148 τοῦτο.

168 2198 180 2212 “
257 2178 345 2252 Ἀλλ’
370 2173 486 2254 ούδ

261 2283 320 2366 νὸς
347 2283 438 2356 σ’άτια
466 2289 615 2373 γένηται,
655 2281 697 2364 ὡς
727 2288 778 2352 ἐπι
805 2309 843 2380 τη
871 2286 935 2352 τῶν
963 2281 1188 2379 διαστρόφων
1221 2283 1284 2368 ¹4),

262 2385 338 2456 οὐδὲ
324 2391 412 2456 ὲέπὶ
433 2384 558 2456 τούτων
578 2415 600 2470 η
623 2383 702 2509 τύχη
724 2413 784 2512 την
804 2384 917 2457 άιτιαν
922 2387 1008 2510 ἔχει.
1046 2383 1106 2455 Ἐν
1130 2393 1204 2509 τρῖς
1226 2415 1285 2458 κα-

262 2489 304 2558 τά
326 2514 517 2585 προαιρεσιν
538 2488 626 2584 άρα,
663 2488 706 2570 ὡς
733 2491 871 2585 ἔφαμεν.
918 2465 1030 2558 Οταν
1057 2498 1123 2578 μὲν
1156 2489 1218 2562 ὀῦν
1247 2494 1285 2560 τὸ

240 2623 244 2642 ‘s
260 2590 452 2684 γιγνόμενον
473 2591 560 2661 κατά
579 2617 771 2686 προαιρεσιν
793 2595 898 2676 δεξιοῦ
919 2617 1008 2675 τινος
1037 2591 1131 2661 κατά
1163 2599 1285 2685 σαμβε·

261 2694 405 2785 βηκὸς
386 2699 493 2765 αι’τιον
520 2701 674 2784 γένηται,
712 2692 754 2777 ὡς
782 2693 822 2764 τὸ
850 2691 1005 2764 σκάπτειν
1035 2721 1098 2779 της
1128 2700 1288 2793 ἑυρέσεος

260 2803 320 2868 τοῦ
342 2803 540 2892 θησαυροῦ,
563 2803 713 2890 ἕατοχιαν
734 2803 832 2870 τοῦτο
854 2796 1036 2919 λέχομενῇ
1027 2791 1116 2870 ύταν
1140 2806 1179 2872 δὲ
1199 2799 1287 2922 τραύ-

260 2908 341 2984 λον,
370 2899 558 2992 δνςτνχιαν
581 2900 653 2972 ὁῖον
675 2908 703 2972 ἐι
725 2927 878 2972 σκάπτων
890 2928 955 2970 οπο
970 2927 1059 2982 τινος
1075 2906 1222 2998 ἑρπετοῦ
1244 2910 1287 2989 ¹⁵)

261 3008 402 3095 δηχθείη
424 3033 474 3086 τις
495 3009 528 3076 ἐν
549 3003 640 3100 ἀντῷ
661 3008 707 3102 τῷ
729 3001 883 3075 σκάπτειν
904 3008 1122 3098 ενρεθέντος,
1149 3007 1214 3079 οὐκ
1233 3007 1286 3078 ὄν-

260 3135 317 3192 τος
339 3111 520 3237 ἐπιτηδείαν
534 3107 707 3197 τηνάλλως
735 3111 794 3177 τοῦ
821 3105 925 3177 τόπου
953 3105 1036 3226 πρὸς
1057 3111 1191 3203 ἑρπετά
1218 3140 1287 3185 τοι-

179 3287 180 3292 1
260 3215 367 3282 αὔτα
404 3216 432 3282 ἕι
459 3211 523 3305 γάρ
552 3208 760 3296 πληθους
740 3237 836 3292 οντος
870 3213 1011 3300 τρπετῶν
1046 3205 1162 3281 ὅδε’
1142 3214 1288 3312 ιύρητεν

260 3313 521 3411 ἀπερισκέπτως,
544 3313 583 3385 ού
604 3312 684 3405 τύχη
707 3311 812 3408 τούτῳ
834 3340 892 3398 της
912 3314 1082 3402 πληχης
1059 3319 1184 3404 αύτια,
1216 3319 1286 3390 ἄλλ

260 3417 403 3506 άβονλύα
424 3447 474 3500 τις
497 3417 600 3488 οικεία
621 3425 676 3486 καὶ
706 3415 921 3511 ἆπρονοησία.
978 3421 1049 3487 Καὶ
1075 3419 1118 3488 τὸ
1141 3432 1209 3514 μὲν
1230 3427 1289 3508 τῆς

259 3519 357 3612 τύχης
377 3519 530 3591 τοιοῦτόν
551 3549 585 3590 τε
607 3529 663 3589 καὶ
683 3517 788 3600 ὁύτως
810 3519 934 3603 άὶτιον,
962 3519 1001 3591 τὸ
1023 3525 1060 3589 δὲ
1084 3521 1290 3618 άυτόματον

194 3621 220 3640 ’“
259 3627 359 3694 ἐίωθε
380 3636 440 3716 μὲν
462 3632 517 3694 καὶ
539 3628 590 3692 ἐπὶ
611 3621 655 3706 ¹⁶)
677 3626 741 3692 τῶν
762 3621 829 3692 άπὸ
852 3620 950 3713 τύχης
970 3633 1185 3716 γιγνομένων
1208 3657 1289 3702 κατ-

258 3735 481 3818 ηγορεῖσθαι,
516 3725 557 3796 ού
592 3727 656 3816 μὴν
692 3725 778 3798 ἀλλὰ
811 3729 939 3815 μᾶλλον
975 3730 1027 3795 ἕν’τὶ
1061 3734 1138 3802 ’τῶν
1174 3732 1289 3827 φύσει.

247 3828 361 3902 ίὈταν
381 3829 446 3923 γάρ
468 3833 514 3925 τῷ
535 3835 694 3924 γενομένῳ
717 3827 815 3923 φύσει
836 3827 919 3898 ἄλλο
941 3855 974 3897 τι
996 3833 1288 3924 ἐπακολουθηση,

254 3934 343 4005 άλλά
363 3934 410 4026 μὴ
432 3933 471 4004 ὁῦ
489 3931 588 4025 χάριν
609 3936 767 4022 ἐγίγνετο,
797 3929 992 4020 άντομάτος
1013 3937 1121 4010 τοῦτο
1145 3945 1289 4030 λέγομεν
