2782 4790
250 409 290 473 92

245 581 370 667 θερον,
397 569 518 662 καὶμὴ
538 569 673 655 ποιῆσαί
694 593 772 640 ποτε
792 569 833 638 τὸ
849 566 1020 659 γινόμενον
1041 568 1068 649 ⁷)
1091 566 1132 638 ἂν
1157 563 1250 638 ἐσλό-

246 707 311 766 γως
331 671 382 745 ὑπ’
409 673 533 756 άυτοό,
565 677 593 744 ἐι
609 673 759 766 προείποι
778 678 827 752 τὶς
847 670 937 766 ἀντῷ
954 670 1074 761 μάντις
1094 674 1127 755 ἐξ
1146 668 1250 759 άνάγ-

245 809 305 864 νης
321 777 423 848 άντὸν
432 779 531 847 τοῦτο
546 772 688 868 πράξειν.
714 773 822 843 Τοῦτό
836 801 890 844 τοι
903 782 959 843 καὶ
977 781 1009 844 οἱ
1018 772 1152 864 μάντεις
1163 778 1248 843 ἐῖναι

246 883 377 970 λέγουσι’
396 907 430 948 τε
450 874 714 1000 όγοράμενοι7ε
696 881 737 960 a,)
759 873 935 971 φεύγοντες
953 877 1032 957 τοός
1048 874 1249 971 παραπόδας

222 989 409 1074 1ἐλέγχους,
443 979 538 1050 οὐδὲν
564 966 701 1050 ’τοιοῦτο
730 985 862 1068 λέγουσι
896 985 967 1059 τοῖς
997 982 1123 1067 ἐλέγξαι
1150 984 1250 1048 δυνα-
1314 1027 1315 1030 =

244 1092 370 1178 μένοις,
399 1081 508 1154 άλλ’“
492 1077 599 1176 ω’σπερ
624 1081 664 1152 τὸ
693 1081 770 1162 τοὺς
786 1079 928 1175 χρόνους
945 1079 1063 1172 ὁρίζειν
1083 1084 1147 1151 τῶν
1167 1107 1250 1174 προ-

247 1194 426 1278 λεγομένων
444 1183 496 1256 ὑπ’
509 1185 632 1269 άυτῶν,
654 1182 697 1266 ὡς
718 1188 894 1274 ἐσομένων,
916 1180 960 1264 ὦς
979 1187 1164 1272 ἐυὲλεγκτον
1184 1211 1250 1279 φυ-

246 1290 445 1372 λάσσονται,
482 1285 567 1358 ὁότω
595 1285 757 1382 φεύγουσι
784 1294 841 1355 καὶ
875 1283 915 1355 τὸ
941 1291 1110 1379 προλέγειν
1133 1313 1167 1355 τι
1192 1295 1250 1356 καὶ

244 1390 474 1484 μαντεύεσθαι
494 1395 523 1474 ⁶)
541 1398 611 1472 τοῖς
624 1393 816 1482 δυναμενοις
834 1392 1038 1484 παραχρῆμα
1054 1388 1093 1460 τὸ
1111 1387 1250 1462 άντικεί-

245 1522 342 1572 νενον
360 1498 500 1579 ποιῆσαι
520 1496 579 1563 τοῦ
599 1489 835 1583 μαντεύματος.

314 1804 362 1878 Τὸ
384 1811 420 1875 δὲ
444 1809 549 1894 λέγειν
569 1802 704 1894 ἐόλογον
725 1810 809 1875 ἐῐναι
826 1801 905 1886 τοὺς
918 1801 1029 1886 ιθεοὺς
1046 1803 1089 1874 τά
1106 1803 1248 1896 ἐσόμενα

244 1914 430 2004 προειδέναι
460 1907 599 1991 (ἄτοπον
624 1908 690 2001 γάρ
711 1907 750 1977 τὸ
771 1910 1034 1997 λέγειν’ἐκείνους
1060 1905 1189 1998 άγνοεῐν
1213 1937 1247 1978 τι

243 2017 308 2083 τῶν
332 2017 503 2101 ἐσομένων)
531 2020 586 2082 καὶ
607 2015 707 2081 τοῦτο
735 2009 968 2101 λαμβάνοντας
992 2008 1248 2096 κατασκευάζειν

243 2119 431 2210 πειρᾶσθαι
451 2112 491 2186 δι’
514 2113 619 2186 ἄντοῦ
633 2113 673 2183 τό
690 2110 799 2184 πάντα
814 2116 847 2198 ἐξ
862 2110 1005 2201 άνάγκης
1023 2141 1057 2184 τε
1077 2117 1247 2203 γίνεσθαι,

243 2216 392 2290 mzxao'
407 2222 622 2338 ἐιμμρμένην,
633 2215 708 2287 ὄότε
728 2215 867 2301 ἀληθὲς,
889 2214 964 2286 όότε
986 2214 1130 2305 ἐόλογον.
1177 2209 1261 2302 Τῆς

236 2331 303 2412 μὲν
329 2320 393 2414 γὰρ
425 2318 554 2415 φάσεως
582 2324 639 2404 τῆς
671 2343 734 2390 των
760 2316 961 2414 πραγμάτων
997 2323 1095 2390 τοῦτο
1117 2319 1245 2415 χωροό-

243 2451 304 2509 σης
331 2427 373 2507 ¹),
405 2423 540 2502 οὐδένας
563 2424 597 2506 ²)
622 2419 848 2545 ἐυλογιότερον
878 2427 997 2493 ἐιδέναι
1022 2426 1150 2544 μᾶλλον
1179 2450 1245 2500 των

241 2530 334 2598 θεῶν
351 2524 395 2595 τό
412 2531 592 2617 μέλλοντα,
612 2522 778 2595 ἀδυνάτου
800 2523 885 2596 δ’
848 2550 948 2609 ουσης
962 2531 990 2608 ³)
1009 2523 1069 2610 τὴν
1088 2522 1244 2611 τοιαύτην

242 2628 425 2723 πρόρῥησιν
444 2636 501 2698 καὶ
522 2626 707 2721 πρόγνωσιν
728 2634 905 2720 δέχεσθαι,
942 2627 1018 2700 οὐδὲ
1042 2627 1120 2709 τοὺς
1137 2629 1245 2710 θεοὺς

243 2733 378 2822 ἐόλογον
406 2734 454 2802 ἔτι
480 2733 605 2820 γίνεται
628 2730 667 2801 τὸ
696 2736 814 2802 ἐιδέναι
845 2735 878 2802 τί
901 2735 965 2801 τῶν
985 2729 1156 2802 ἀδυνάτων
1181 2735 1245 2815 5ε).

250 2834 301 2904 Τά
320 2834 384 2928 γὰρ
416 2832 564 2903 ἀδύνατα
592 2838 631 2930 τῇ
655 2831 762 2904 άυτῶν
786 2832 886 2930 φύσει
913 2826 943 2918 ⁴)
975 2842 1031 2903 καὶ
1056 2834 1148 2922 παρὰ
1173 2844 1244 2916 τοῖς

204 2957 206 2964 ⁴
243 2944 341 3018 θεοῖς
359 2936 418 3020 τὴν
441 2935 545 3021 ἀυτὴν
568 2933 728 3033 φυλάττει
748 2935 860 3034 φύσιν.
902 2934 1078 3008 Αδόνατον
1101 2937 1166 3031 γὰρ
1189 2948 1244 3009 καὶ

242 3048 313 3121 τοῖς
331 3046 429 3121 θεοῖς
445 3038 467 3109 ά
489 3039 525 3110 τό
544 3040 603 3125 τὴν
620 3037 795 3134 διάμετρον
809 3043 949 3123 ποιῆσαι
965 3043 1005 3137 τῇ
1020 3045 1147 3135 πλευρᾷ
1161 3039 1243 3163 ρόμ-

241 3169 378 3265 μετρρν,
412 3142 497 3228 ἢτόι
523 3149 573 3225 δις
596 3141 657 3213 δύο
684 3149 776 3214 πέντε
804 3147 903 3226 ἐῑναι,
939 3141 1044 3227 ἢτῶν
1063 3142 1244 3232 γεγονότων

242 3273 275 3314 τι
295 3275 341 3335 μιγ
359 3252 526 3335 γεγονέναι
553 3249 594 3330 ⁵).
653 3245 736 3316 Οὐδὲ
722 3245 822 3339 ἐγάρ
852 3244 909 3329 τὴν
933 3243 1036 3338 ἀρχὴν
1065 3243 1244 3334 βούλονταί

241 3352 360 3420 τιτῶν
386 3346 556 3420 ἀδυνάτων
581 3343 611 3434 ⁶)
639 3346 737 3432 (ὁότω
761 3347 825 3441 γάρ
842 3337 883 3433 ἦν
906 3353 940 3418 ἐν
965 3357 1035 3432 τοῖς
1053 3356 1244 3472 λεγομένοις

240 3448 471 3545 δυςχωρία,)“
454 3458 504 3532 οἷς
525 3449 645 3542 ὁμοίως
665 3449 829 3522 άδόνατον
845 3480 902 3522 και
922 3449 1009 3522 τὸέν
1026 3449 1245 3548 οἰκείατμόσει

241 3555 316 3644 ἔχον
337 3554 375 3624 τὸ
400 3552 574 3624 δύνασθαι
596 3556 757 3642 γενέσθαί
786 3582 821 3624 τε
847 3553 989 3646 καὶμὴ,
1022 3551 1065 3636 ὡς
1089 3521 1244 3646 ἐόόμενον

240 3653 371 3738 πάντως
392 3657 438 3740 ⁷),
470 3655 492 3740 ἢ
517 3655 559 3738 ὦς
579 3655 625 3746 μὴ
646 3655 815 3748 ἐσόμενον,
847 3655 932 3728 ὁότω
958 3663 1152 3753 προειδέναι.
1192 3659 1243 3730 'Eo

239 3755 348 3853 γάρὴ
376 3767 448 3854 περὶ
476 3758 584 3830 άυτῶν
607 3757 672 3855 πρὸ
702 3760 810 3832 ἀυτῶν
836 3758 1020 3854 πρόγνωσις
1046 3759 1177 3854 ἀναιρεῖ
1204 3759 1244 3832 τό

240 3867 274 3932 ἐν
298 3861 412 3943 άυτοῑς
436 3861 661 3954 ἐνδεχόμενον,
696 3869 795 3948 δῆλον
827 3862 870 3944 ὡς
899 3868 928 3935 ἐι
956 3862 1093 3948 σώζοιέο
1125 3869 1243 3950 τοῦτο,

239 3962 402 4048 ἇδόνατος
431 3963 472 4038 άν
496 3965 517 4052 ἡ
538 3972 611 4060 περὶ
637 3965 744 4040 άντων
771 3963 956 4061 πρόγνωσις
976 3969 1033 4052 ἐίη.
1073 3962 1150 4039 Ὅτι
1176 3966 1242 4062 γὰρ
