2782 4790
1073 437 1133 502 roa
1232 385 1238 396 ⁸

128 614 257 676 libertas
278 610 414 675 faciendi
434 611 485 674 vel
511 631 575 675 non
601 609 736 673 faciendi
760 610 793 674 id
818 613 857 673 ad
878 613 966 692 quod
991 609 1133 692 appetitu

125 726 307 779 moventur.
352 713 526 795 Reponitur
551 735 631 798 crgo
664 713 698 776 id
724 715 810 798 quod
829 713 863 776 in
885 724 1043 794 potestate
1061 734 1130 776 esse

127 817 255 881 dicimus
291 816 322 880 in
357 815 593 898 operationibus
626 837 707 900 qnae
742 816 883 899 appetitu
914 837 948 878 se
984 827 1132 879 movente

125 921 226 984 fiunt:
261 931 293 983 at
317 941 382 984 non
401 931 513 982 contra
532 918 633 982 omnis
657 941 738 1002 quae
765 919 906 1010 appetitu
929 931 1132 984 semovente

126 1023 160 1086 fit
189 1023 357 1106 operatio,
395 1019 426 1084 in
455 1044 490 1085 sc
520 1023 615 1086 habet
646 1022 678 1086 id
709 1025 795 1106 quod
826 1023 858 1085 in
883 1035 1040 1106 potestate
1065 1044 1132 1088 esse

128 1124 256 1191 dicitur.

549 1211 719 1276 XXXIV.

189 1334 307 1398 Annon
334 1355 413 1398 ver·o
440 1353 504 1396 non
533 1345 580 1396 est
604 1332 818 1418 ignorantium
849 1336 924 1418 quid
950 1335 1054 1398 dicant
1076 1355 1132 1398 vc·

125 1439 218 1500 ritate
244 1459 350 1500 rerum
379 1459 461 1520 quae
487 1437 586 1512 fiant,
622 1457 715 1520 quam
746 1437 807 1520 ipsi
841 1459 901 1520 per
933 1459 990 1501 sua
1020 1437 1136 1502 tollunt

62 1591 66 1598 .
126 1540 258 1623 placita,
283 1542 329 1603 uti
345 1533 542 1604 'adstruendo
561 1541 703 1621 placito,
729 1544 815 1625 quod
837 1542 866 1604 ei
888 1541 1015 1605 veritati
1039 1563 1134 1624 repu-

128 1643 228 1728 gnat?
258 1644 531 1707 Sumentcs'enim
553 1635 636 1719 hoc,
669 1665 780 1708 eorum
803 1663 883 1728 aptae
908 1667 968 1728 per
993 1657 1135 1708 naturam
1169 1635 1170 1638 ¹

132 1747 286 1810 exsistunt
305 1750 552 1830 unumquodque
571 1747 653 1810 Fato
668 1766 737 1810 esse
759 1751 822 1812 tale
843 1749 936 1831 quale
959 1759 1022 1825 est,
1048 1751 1137 1831 quasi

129 1851 208 1914 idem
238 1849 278 1914 sit
303 1871 373 1912 esse
401 1861 512 1914 natura
539 1863 570 1912 ct
596 1850 697 1926 Fato,
737 1853 853 1914 addunt
881 1852 1014 1928 deinde,
1053 1853 1136 1914 Fato

127 1953 223 2038 igitur
246 1953 413 2016 animantia
435 1966 465 2016 et
492 1954 628 2016 sentiunt
654 1966 685 2016 et
709 1968 750 2017 ex'
775 1955 916 2038 appetitu
946 1967 1133 2019 moventnrr

129 2069 158 2120 et
191 2059 344 2140 quaedam
379 2056 544 2119 animantia
581 2071 754 2138 operantur
782 2070 920 2134 tantum,
967 2059 1027 2120 alia
1054 2077 1133 2122 vero
1178 2065 1180 2070 ’

128 2183 198 2223 cnm
227 2161 355 2224 ratione·
383 2171 482 2244 agunt
520 2160 636 2241 partim
664 2163 794 2242 probe,
832 2160 945 2242 partim
975 2161 1134 2241 improbe.
1165 2169 1166 2174 ’

130 2265 220 2327 Haec
240 2283 319 2326 vero
347 2284 417 2324 cnm
443 2273 557 2325 natura
582 2263 651 2342 sint·
664 2263 737 2326 talia
761 2263 793 2326 id
815 2276 863 2327 est
879 2266 983 2346 proba
1004 2265 1056 2326 vel
1077 2263 1136 2326 im-

119 2371 254 2452 proba,
294 2364 368 2452 quia
396 2367 474 2428 tales
509 2378 640 2428 naturae
666 2378 698 2429 et
726 2367 888 2451 qualitates
918 2387 983 2431 non
1007 2366 1136 2452 ignotae

127 2484 219 2547 sunt,
270 2470 342 2532 ideo
384 2469 530 2533 oriuntur
562 2468 756 2534 laudationes
798 2484 830 2534 et
864 2471 1131 2553 vituperationes,

128 2573 268 2657 praemia
293 2585 323 2636 et
348 2593 484 2655 poenae.
529 2574 621 2636 Haec
657 2573 738 2636 enim
757 2573 848 2636 inter
874 2595 908 2636 se
938 2593 1135 2657 consequen-

127 2678 200 2742 tiam
225 2691 257 2739 et
277 2676 425 2754 ,ordinem
447 2678 582 2738 habent*
622 2677 669 2739 At
691 2698 860 2754 veronen
886 2689 1133 2740 consentaneum

129 2794 175 2844 est
200 2784 280 2844 haec
303 2783 342 2842 ad
364 2801 435 2844 eruar
459 2783 588 2842 modum
616 2779 708 2855 fieri,
747 2781 774 2843 si
804 2797 860 2843 eos
890 2781 1050 2864 sequimur
1081 2781 1134 2863 qui

129 2897 271 2948 naturam
298 2895 329 2946 et
355 2905 435 2966 quac
458 2903 499 2944 ex
524 2895 635 2946 natura
659 2883 760 2958 fiunt3
796 2887 835 2944 ad
862 2885 975 2945 Fatum
998 2883 1135 2946 necessi·

129 3002 287 3070 tatemque
314 2987 470 3068 referunt.
526 2987 678 3048 Naturale
710 2985 835 3068 quidem
858 2997 906 3048 est
931 2987 1136 3051 animantibus
1225 3015 1228 3023 ’

131 3113 199 3156 eum
225 3088 347 3152 ratione
367 3088 534 3171 egentibus
555 3110 651 3170 posse
675 3101 709 3151 et
731 3099 818 3150 recte
844 3101 875 3150 et
896 3111 996 3171 prave
1026 3111 1133 3175 agere,

131 3215 169 3258 eo
191 3195 280 3278 qnod
300 3205 445 3254 neutrum
466 3193 582 3255 faciant
596 3213 638 3254 ex
659 3191 857 3254 necessitate.
902 3193 945 3254 Et
963 3195 1027 3257 hoc
1047 3207 1132 3256 certe

132 3319 242 3361 verum
268 3309 315 3360 est
344 3307 375 3356 et
404 3294 450 3358 sic
481 3315 515 3357 se
542 3297 648 3358 habet.
707 3296 781 3358 Non
808 3306 910 3356 autem
942 3295 1019 3358 illud
1049 3300 1136 3378 quod

132 3402 305 3485 adiungunt
332 3397 437 3462 omnia
465 3419 505 3460 ex
528 3398 715 3461 necessitate·
739 3414 797 3461 nos
824 3418 942 3482 agere;
980 3410 1134 3464 ettamen

133 3507 286 3588 quosdam
319 3525 389 3564 cum
419 3501 541 3564 ratione
563 3522 674 3584 ‘opera
707 3499 863 3564 edentium
898 3514 984 3564 recte
1019 3525 1133 3589 agere,

131 3623 266 3689 peccare
293 3606 390 3681 alios,
430 3609 486 3668 sed
511 3606 552 3668 ita
578 3618 613 3668 ut
635 3621 675 3668 ex
701 3602 885 3668 necessitate
907 3627 1036 3690 agamus
1058 3611 1136 3671 haec

133 3711 249 3774 omnia.
307 3712 391 3772 Ham
420 3712 589 3772 secundum
617 3708 705 3791 ipsos
740 3709 808 3772 fleri
841 3731 905 3772 non
934 3722 1061 3791 potest,
1100 3725 1135 3773 ut

132 3814 245 3876 talibus
273 3813 385 3894 positis
416 3816 511 3875 nehus
539 3813 811 3875 circumstantibus
837 3812 901 3876 non
932 3814 977 3876 sic
1006 3835 1134 3897 agamus

134 3929 167 3978 nt
181 3917 315 4001 agimus.
362 3917 410 3978 Ea
433 3934 511 3980 vero
528 3937 607 3999 quae
622 3937 681 3980 nos
701 3915 922 3991 circumstant,
947 3929 979 3978 et
999 3929 1134 3998 propter

51 4073 53 4078 .
135 4039 214 4100 quac
246 4019 389 4101 agimus,
430 4039 469 4080 ex
503 4018 686 4082 necessitate
723 4040 781 4081 nos
818 4019 1030 4082 circumstant.
1063 4021 1135 4094 'At
