2758 4790
262 435 324 500 206
405 489 408 498 .

263 600 487 723 666666666'‘
468 623 531 724 εχει
560 599 592 666 έν
620 597 690 675 τοῖς
713 593 800 665 κατά
830 591 1036 690 προαίρεσιν·
1076 594 1109 661 έν
1137 593 1172 659 δέ
1195 597 1317 694 τοῖς

263 703 350 774 κατά
371 701 473 828 φύσιν
494 702 555 792 ἔχει
577 697 638 782 666
659 695 873 786 ἆνεγκλησίαν
893 695 932 767 06
953 692 1040 766 κατά
1054 693 1158 780 ἔλεος,
1180 663 1317 764 ἀλλὰ

263 805 351 880 κατὰ
371 803 480 898 λόγον.

605 970 681 1034 Καὶ
706 969 791 1049 ἑξῆς
816 971 922 1048 φησί.

327 1111 464 1208 Νόμους
483 1114 602 1184 ἔθεντο
624 1109 810 1208 διαφόρους
834 1114 867 1179 οἱ
888 1107 1066 1207 ίίνδρωποι
1090 1111 1164 1181 66‘
1148 1104 1269 1236 666666

261 1216 373 1315 χώρᾳ,
399 1216 490 1298 τινας
512 1221 774 1340 γεγραμμένους,
801 1212 894 1294 τινὰς
912 1212 986 1283 δὲ’
966 1211 1155 1310 αγράφους·
1178 1206 1272 1296 έξῶν

265 1320 465 1413 διηγήσομαι
488 1317 534 1444 ρλς
562 1318 638 1389 ὀῖδα
664 1310 770 1387 καλ
745 1344 790 1387 ων
813 1322 995 1441 μέμνημαι,
1030 1314 1253 1411 ἀρξάμενος
1235 1341 1272 1383 εκ

264 1453 323 1510 ς
264 1449 462 1515 κοσμου
479 1420 591 1544 66666.
633 1419 778 1542 N6606'
762 1427 831 1489 εστὶ
847 1446 938 1513 παρα
925 1417 1084 1516 Σήραις
1102 1415 1132 1505 6)
1145 1423 1273 1508 μηδένα

265 1526 436 1623 φονεύειν,
457 1522 539 1615 μήτε
560 1521 747 1652 πορνεύων,
799 1519 856 1643 666
873 1529 1034 1607 κλέπτειν,
1064 1519 1144 1614 μήτε
1166 1520 1272 1644 ξόανα

265 1635 464 1724 προςκυνεῖν.
506 1631 618 1697 Καὶ
602 1653 635 1697 εν
659 1629 759 1724 ἐκείνῃ
783 1629 824 1724 τῇ
848 1629 984 1750 6666666
1008 1624 1102 1720 χώρᾳ
1126 1625 1165 1697 06
1188 1622 1274 1696 6666

265 1738 354 1803 ἐστιν
374 1729 474 1814 ἰδεῖν,
503 1727 542 1799 ού
567 1735 708 1819 γυναῖκοιΙ
727 1729 905 1824 πορνικὴν,
937 1730 976 1801 ού
998 1727 1214 1821 μοιχαλίδα”
1197 1755 1274 1798 ονο-

264 1839 465 1957 μαζομένομ,
500 1830 540 1902 ού
561 1838 699 1917 κλέπτην
722 1830 894 1924 ἑλκόμενον
919 1838 971 1904 έπῖ
991 1837 1098 1918 δίκην,
1131 1831 1191 1902 οὐκ
1214 1831 1274 1903 άν-

265 1936 469 2062 δροφόνον,
472 1934 511 2006 06
537 1942 786 2060 πεφομευμένον.
847 1936 1044 2018 Οὐδενὸς
1004 1965 1071 2062 χαρ
1097 1933 1135 2007 τὸ
1158 1934 1274 2020 άυτεξ-

265 2040 381 2112 ούσιον
407 2036 592 2129 ἠνάγκασεν
616 2037 635 2110 6
666 2044 726 2109 τοῦ
756 2045 982 2132 πυριλαμπέος
1004 2040 1128 2135 ’Ἄρεος
1163 2038 1273 2160 66666

266 2147 475 2238 μεσουρανῶν
506 2143 613 2234 ἄνδρα
647 2141 770 2240 666666
798 2142 936 2228 ἀνελεῖν,
973 2142 1012 2214 06
1044 2142 1176 2236 Κύπρις
1211 2135 1274 2212 σύν

216 2289 222 2298 =
258 2247 355 2341 ’Ἁρει
381 2249 528 2337 τυχοῦσα
550 2245 712 2340 ἀλλοτρίᾳ
745 2255 873 2336 γυναικὶ
909 2251 1044 2338 μιγιχναί
1080 2274 1155 2317 τινα
1192 2274 1265 2338 παρ

187 2385 210 2448 g
266 2354 408 2432 ἐκείνοις,
429 2346 655 2472 πάντωςπάσχ
666 2347 773 2444 ἡμέρα
786 2355 1068 2445 μεσουρανοῦντος
1078 2377 1136 2420 τοο
1121 2346 1276 2454 Ἀρεος,

267 2462 323 2523 καὶ
337 2451 426 2549 6666
442 2445 513 2582 6666
530 2459 585 2521 καί
603 2449 709 2546 νίμέρρι
723 2460 926 2543 γεννωμένων
938 2459 1001 2526 τῶν
1011 2458 1144 2548 Σηρῶν.
1166 2447 1274 2546 Πάρά

197 2571 201 2581 ’
264 2555 384 2636 Ἰνδοῖς
405 2562 461 2624 καὶ
481 2552 687 2648 Βάκτροις
672 2564 733 2625 εισί
747 2556 893 2647 χιλιάδες
914 2564 1035 2628 πολλαὶ
1060 2561 1122 2629 666
1140 2561 1277 2648 λεγομέ-

225 2657 227 2662 ’
265 2681 330 2730 νων
351 2655 561 2752 Βραχμάνων
582 2659 612 2743 ⁷)
636 2657 668 2728 66
691 2685 776 2741 τινες
792 2661 879 2730 κατὰ
901 2658 1090 2755 παράδοσιν
1111 2665 1175 2732 τῶν
1193 2687 1276 2754 προ-

266 2759 373 2852 γόνων
390 2769 447 2830 καὶ
458 2759 583 2851 νόμων,
612 2759 687 2831 ὀύτε
704 2761 917 2858 φονεύουσιν,
939 2764 1016 2836 ὀύτε
1034 2761 1138 2849 ξόανα
1160 2769 1277 2852 σέβον-

269 2892 343 2948 ται,
365 2861 431 2933 066'
456 2861 609 2961 ἐμψύχου
625 2863 778 2955 γεύονται
797 2869 844 2951 ⁸),
866 2865 906 2940 οὗ
925 2865 1155 2959 μεθύσκονταί
1174 2894 1277 2948 ποτε,

268 2967 360 3038 δίνου
377 2972 434 3038 καὶ
454 2973 588 3062 σικέρας
610 2967 657 3058 μὴ
678 2967 863 3059 γευόμενοι,
897 2971 935 3042 06
957 2975 1058 3068 κακίρι
1079 2977 1143 3041 6666
1160 2997 1278 3040 κοινω-

267 3074 363 3145 νούσι
379 3074 588 3164 προςέχοντες
609 3075 655 3165 τῷ
675 3077 765 3169 666,
786 3076 850 3144 τῶν
868 3071 975 3144 άλλων
984 3071 1099 3146 Ἰνδῶν
1117 3070 1278 3170 φονευόν-

268 3199 353 3258 των,
381 3181 438 3244 καὶ
456 3170 707 3266 έταιρευόντων,
735 3183 792 3246 καὶ
809 3179 1085 3268 μεθυσκομένων,
1108 3185 1165 3246 καί
1179 3182 1277 3266 σεβο-

225 3371 229 3378 ι
266 3281 401 3370 μένων
388 3272 508 3358 ξόανα,
530 3285 587 3347 καὶ
602 3274 712 3348 πάντα
726 3277 847 3370 σχεδὸν
862 3279 976 3351 666'6‘
959 3282 1157 3404 ειμαρμὲνην
1175 3307 1278 3376 φερο-

268 3386 382 3472 μένων.
416 3379 513 3449 Ἔστι
531 3383 600 3449 δὲ’
584 3407 617 3451 εν
637 3384 686 3476 τῷ
701 3379 790 3476 6666
776 3386 944 3511 κλίματι
965 3387 1025 3468 mk
1037 3382 1164 3464 Ινδίας
1186 3379 1279 3479 6666

268 3509 320 3564 τις
338 3480 452 3552 Ινδῶν
466 3481 551 3566 9),
534 3486 566 3553 οί
587 3510 671 3564 τινες
692 3483 770 3566 τούς
791 3490 1009 3577 ἐμπίπτοντας
1029 3483 1179 3571 ξένους’
1147 3484 1279 3614 666666-t

270 3612 376 3668 οντες,
413 3594 468 3655 6666
498 3581 638 3666 τούτους
668 3585 812 3670 θύοντες
843 3593 1016 3660 ἐσθίουσι
1059 3597 1116 3658 καὶ
1141 3588 1216 3660 ὀύτε
1246 3593 1280 3657 οἱ

268 3687 479 3778 ἅγαθοποιοὶ
501 3690 564 3757 τῶν
587 3686 717 3784 ἄστρων
738 3691 938 3764 κεκωλύκασι
958 3692 1096 3776 τούτους
1116 3694 1163 3786 μὴ
1183 3721 1280 3782 μιαι·

269 3797 382 3915 ιρονεῖν
417 3798 473 3860 καὶ
510 3789 557 3912 μὴ
591 3789 870 3885 άθεμιτογαμεῖν,
921 3793 995 3867 ὀύτε
1034 3805 1066 3870 06
1101 3805 1279 3870 κακοποιοὶ

268 3892 462 3984 ἠνάγκασαν
486 3891 563 3975 τούς
588 3898 793 3989 Βραχμᾶνας
817 3907 1019 3996 κακουργεῖν.
1061 3900 1168 3996 Παρὰ
1187 3907 1280 3994 Πέρ-

270 4021 347 4076 σαις
364 3999 407 4086 ¹9)
428 3992 530 4087 νόμος
549 3985 590 4082 ἦν
613 4003 729 4088 γαμεῖν
754 3999 814 4083 τάς
836 4008 1031 4098 θυγατέρας
1056 4014 1113 4076 καί
1134 4005 1195 4087 τάς
1212 4033 1277 4095 μη-
