2758 4790
1066 390 1127 458 ddi

124 563 375 654 repudiandns‚)
416 565 541 632 moveri
581 573 686 630 tamen
715 559 859 632 concedit
894 559 971 630 illud
1006 559 1126 650 ipsum,

127 675 216 759 quod
239 673 271 736 in
293 671 387 734 nobis
410 669 599 754 principium
621 681 725 733 motus
747 677 810 746 est,
846 681 920 733 eta
945 671 1040 732 rebus
1069 689 1128 735 nos

124 773 416 849 circumstantibus,
441 785 472 835 et
492 795 510 835 a
528 773 602 837 Deo
621 771 713 855 ipso,
737 772 843 836 sinmi-
859 771 994 836 divinam
1013 793 1128 854 possu-

124 899 193 942 mus
219 876 491 942 manuductionem
517 876 654 960 assequi.
713 875 821 960 Atque
849 876 914 939 hoc
944 895 1012 940 esse
1036 877 1127 940 intel·

125 981 241 1048 lectum
266 991 434 1056 nostrum,
469 977 524 1062 qui
539 977 703 1042 'sententiis
729 979 924 1044 extrinsecus
948 979 1009 1044 sibi
1028 979 1128 1044 insitis

124 1084 280 1168 reliquam
296 1080 415 1146 animae
430 1093 553 1163 partem
575 1092 724 1157 moveat,
749 1081 944 1146 volumtatem
961 1081 1080 1146 scilicet
1098 1095 1129 1146 et

123 1197 292 1263 conatum,
317 1195 348 1248 et
367 1205 448 1268 qnae
469 1185 549 1247 haec
573 1195 748 1268 sequuntur
769 1183 863 1246 animi
884 1185 1126 1263 commotiones,

124 1289 277 1376 gaudium
299 1287 477 1363 internum,
511 1308 576 1352 non
598 1287 632 1350 id
657 1289 745 1370 quod
768 1308 810 1350 ex
838 1307 932 1351 sensu
954 1288 1074 1365 oritur,
1098 1300 1130 1351 et

124 1390 356 1478 aegritudinem
380 1390 542 1468 similiter,
573 1402 606 1454 et
624 1411 712 1472 spem
736 1401 767 1452 et
784 1400 919 1466 metum,
951 1402 982 1453 et
1006 1391 1129 1454 deside*

42 1535 44 1545 ›
120 1495 225 1575 rium,
260 1505 292 1558 et
318 1492 427 1578 iram„
448 1493 514 1558 imo
545 1506 674 1578 praeter
703 1493 782 1556 haec
814 1493 906 1557 etiam
931 1492 1130 1580 imaginatio·

122 1620 209 1676 nem.
254 1598 346 1660 Haec
367 1596 449 1661 enim
468 1608 540 1662 sunt
564 1617 645 1682 quiae
670 1596 847 1662 intellectus
869 1609 979 1662 noster
1008 1609 1128 1674 movet,
1184 1677 1187 1691 k

124 1715 157 1768 et
181 1699 296 1785 quibus
313 1699 472 1784 imperat,
496 1700 691 1764 extrinsecus
717 1700 785 1782 ipse
803 1712 996 1765 commotus.
1019 1693 1021 1700 ’
1041 1701 1132 1764 Haec

122 1823 255 1890 quoque
296 1802 329 1867 in
369 1813 480 1867 nostra
519 1815 677 1886 potestate
717 1824 786 1867 csse
825 1803 972 1882 dixepunt
1009 1802 1131 1880 Stoici,¹

123 1907 245 1992 quippe
266 1927 347 1990 quae
368 1906 399 1969 in
416 1905 605 1989 praecipuae
623 1904 726 1989 partis
749 1917 895 1983 nostrae,
920 1906 1065 1972 nimirum
1082 1907 1152 1970 inu,

123 2011 272 2076 tellectus
299 2019 457 2091 potestate
481 2022 602 2072 essent:
625 2010 694 2092 ipse
716 2028 807 2077 vero¹
820 2009 996 2072 intellectus
1022 2022 1132 2074 noster

120 2134 192 2178 non
212 2133 315 2195 porro
341 2110 445 2175 estin
472 2123 652 2194 potestate,
684 2111 736 2176 vel
763 2111 841 2176 alius
869 2124 1051 2176 nostrarum
1082 2113 1132 2176 fa-

123 2217 300 2292 cultatum,
325 2215 376 2278 vel
397 2213 446 2278 sui
471 2213 582 2297 ipsius.
626 2215 689 2278 Ast
714 2213 768 2298 qtii
790 2215 904 2279 Fatum
924 2215 1058 2291 tollunt,
1082 2215 1156 2294 his(

123 2307 303 2384 rationibus
329 2317 502 2400 compulsi,
527 2319 720 2404 confugiunt·
732 2320 772 2382 ad
791 2317 882 2382 istam
903 2318 1130 2394 defensionem,-

121 2423 296 2506 dicuntque
320 2417 512 2484 intellectum
535 2423 620 2486 hunc
644 2433 788 2487 nostrum
820 2424 879 2485 sub
905 2421 1039 2504 imperio
1072 2441 1133 2486 vo·

122 2524 255 2590 luntatis
276 2545 367 2587 essct
405 2523 580 2608 siquidem,
617 2523 674 2588 ubi
697 2523 780 2587 illius
802 2545 910 2588 miram
932 2545 1062 2609 gerere,
1102 2536 1135 2590 et

121 2649 277 2702 exercere
303 2627 391 2690 ilhim
411 2627 628 2704 voluerimus,
651 2627 814 2710 proficiat.
878 2629 1052 2691 Verumvet
1068 2628 1134 2692 hoc
1155 2653 1158 2660 ·

123 2753 190 2818 pro
213 2731 361 2815 opinione
385 2729 561 2804 intellectus
590 2731 784 2808 habendum,
819 2733 906 2817 quod
935 2730 1081 2796 nimirum
1104 2730 1134 2794 is

122 2837 196 2922 ipse
218 2835 373 2898 curandus
397 2844 429 2896 et
449 2836 643 2898 exercendus
664 2835 727 2912 sit,
767 2855 847 2918 quae
869 2835 929 2900 nisi
950 2835 1038 2918 prius
1057 2834 1134 2898 insit

122 2937 317 3016 intellectui,
350 2936 517 3021 nequidem
545 2937 719 3020 poterimus
749 2938 832 3001 velle
855 2937 921 3000 cius
945 2957 1053 3000 curam
1076 2959 1162 3022 geo·
1216 2981 1218 2986 -

122 3063 219 3114 rere;
250 3053 297 3104 ut
322 3043 401 3105 adeo
425 3038 486 3104 hac
509 3060 643 3124 'quoquc
671 3039 795 3103 ratione
820 3039 997 3104 intellectus
1019 3041 1134 3104 volam·
1159 3067 1161 3070 ·

123 3155 227 3214 tatem
248 3145 287 3205 ad
308 3165 342 3208 se
363 3144 486 3221 flectat,
525 3145 565 3208 ab
580 3185 582 3190 ,
596 3143 748 3206 eiusmodi
778 3141 927 3226 opinione
957 3143 1025 3224 ipse
1047 3142 1135 3225 prius

124 3256 323 3312 commotus.
378 3246 485 3327 Quare
514 3269 574 3311 nec
594 3258 698 3311 motus
713 3258 935 3328 spontaneus,
973 3267 1033 3308 nec
1056 3267 1136 3327 quae

126 3351 296 3416 innostra
317 3357 474 3429 potestate
503 3362 591 3428 sunt,
629 3350 657 3414 si
684 3361 771 3412 recte
800 3348 1046 3434 intelligantnr‚.
1072 3349 1135 3410 Fa·-

128 3467 213 3520 tum
226 3450 355 3515 tollunt.
414 3450 511 3531 Quod
539 3464 570 3515 et
591 3453 751 3516 declarant
771 3452 814 3530 ii,
853 3451 908 3535 qui
929 3450 978 3514 his
1002 3450 1135 3515 vocibus

128 3554 236 3642 primo
259 3566 332 3616 sunt
352 3551 420 3630 usi,
447 3552 512 3616 illa
534 3554 658 3636 quidem
680 3557 799 3632 Plato,
829 3557 889 3619 hac
910 3576 991 3618 vero
1015 3553 1133 3630 Stoici,

130 3661 207 3726 dum
234 3658 347 3720 Fatum
375 3668 562 3738 propterea.
580 3679 645 3719 non
673 3659 811 3736 tollunt,
850 3660 906 3722 sed
938 3657 1045 3739 potius
1074 3675 1146 3738 pro,

130 3770 224 3830 certo
246 3771 380 3842 ponunt.
426 3761 508 3824 Nam
525 3759 625 3824 Stoici
646 3759 753 3824 iubent
775 3762 867 3826 ctiam
888 3760 961 3824 illos
983 3760 1136 3842 frequenae

131 3867 189 3928 ter
209 3863 365 3937 adducere
387 3864 535 3927 lambos:

809 3929 881 4031 ta'
