2758 4790
1072 401 1132 468 2²19

3 569 5 608 ³
123 595 197 638 car.

123 679 189 743 XI.
234 675 356 742 Deinde
373 679 461 763 qnod
480 673 588 742 inutile
607 677 718 740 reddat
735 667 912 776 consilinm.
957 677 1042 756 (cum
1058 677 1125 742 Na·

248 789 320 846 nura
340 779 418 845 nihil
436 781 577 862 fnustra)
645 782 648 791 ’
696 798 699 808 ·
725 801 728 811 ’
867 795 895 820 ’·

99 874 207 952 XII.
251 885 304 950 Ac'
323 883 469 968 proinde
466 883 594 946 nihil
584 905 617 946 ιιι
642 887 799 966 potestate
819 899 930 951 nostra
950 887 1125 973 relinquata

251 989 306 1053 ubi
326 988 481 1052 iudicatur
498 987 590 1066 simul
608 986 782 1052 uniusmodi
804 981 845 1052 sit
858 990 987 1056 arbitrii
1003 994 1131 1058 humani

248 1104 404 1176 potestas.
742 1115 744 1120 ·

121 1197 240 1264 XIII.
269 1165 592 1262 Contraseutierlnum
628 1194 737 1278 opinio
776 1198 814 1260 de
850 1195 954 1260 libero
987 1198 1120 1265 arbitrio

124 1337 126 1346 ι
249 1299 455 1383 proponitur.

120 1403 223 1468 XIV.
268 1397 481 1486 Expenditur.

121 1508 231 1574 XV.·
250 1506 390 1572 Ulterius
422 1507 589 1572 rclutatur.
655 1507 725 1570 Nec
752 1506 785 1570 id
816 1506 882 1572 sine
913 1529 1007 1573 eausa
1033 1505 1121 1634 fieri,

136 1633 158 1680 ψ
251 1610 338 1674 cuius
355 1610 424 1694 ipse
444 1611 541 1675 homo
565 1631 659 1674 causa
680 1610 732 1674 sit.

122 1698 225 1780 XVI.
269 1711 476 1778 Incommode
491 1733 594 1797 porro
612 1711 703 1776 huius
720 1713 905 1780 sententiae.
935 1715 1032 1798 Quod
1049 1737 1124 1800 per·

250 1828 354 1882 vertat
375 1837 500 1882 omnem
521 1817 631 1880 vitam.

122 1920 244 1985 XVII·
279 1919 1124 2002 QuodPrcvidentiametvatieiniorumusumauserat.

123 2023 263 2090 XVIII.
306 2023 361 2087 Ad
385 2022 546 2090 homiues:
585 2023 773 2088 Revineitur
805 2028 845 2088 ab
877 2024 953 2108 ipsis
984 2028 1126 2110 patronis

248 2129 314 2195 ¹hoc
335 2129 464 2213 dogma.
976 2121 978 2126 ’
1146 2204 1154 2222 ,

48 2310 54 2322 x
126 2231 227 2318 XIX.
272 2233 436 2296 Probatur
451 2229 596 2315 deinceps
613 2251 672 2298 nos
688 2251 756 2296 esse
770 2231 928 2297 actionum
946 2243 1145 2298 nostrarum

254 2334 398 2398 dominos
428 2357 469 2399 ex
492 2328 610 2419 poenis
637 2337 711 2422 lege
745 2335 943 2413 constitutis,
994 2359 1125 2420 quarum

252 2437 374 2502 veniam
395 2437 527 2502 facimus
548 2438 758 2503 involuntarie
779 2439 994 2522 peccantibus.

126 2542 209 2607 XX.
253 2543 394 2620 Rursum
415 2541 476 2624 ipsi
504 2553 677 2607 assertores
700 2541 772 2606 Fati
797 2535 886 2605 aliter
909 2554 1007 2627 agunt
1032 2567 1125 2628 quam

254 2645 408 2722 sentiunt·
431 2647 464 2726 id
486 2658 533 2710 est
546 2646 662 2723 libere,
687 2657 718 2709 et
732 2665 797 2710 non
811 2657 959 2730 tanquam
974 2667 1015 2709 ex
1029 2648 1124 2712 Fato.

126 2749 227 2814 XXI.
270 2749 424 2826 Demum‚
462 2763 534 2814 utra
561 2749 669 2832 opinio
697 2749 777 2813 falsa
803 2749 860 2826 sit,
895 2771 936 2812 ex
957 2751 1016 2814 hac
1036 2765 1126 2835 parte

116 2930 118 2935 .
199 2853 349 2916 tutius
371 2853 581 2916 enarrabitur.

125 2957 247 3022 XXII.
292 2955 479 3038 Explicatur
500 2955 754 3019 adversariorum
776 2955 929 3019 sententia
951 2959 989 3020 de
1009 2960 1103 3025 Fato.

126 3060 265 3134 XXIII.
309 3059 429 3122 Fatalis
456 3069 564 3122 catena
587 3056 741 3122 solvitur:
779 3057 969 3123 Absurditas
995 3082 1124 3141 corum,

134 3179 151 3192 ·’
244 3171 286 3223 ³ct
307 3163 551 3247 confugiumad
573 3183 680 3226 causas
702 3161 891 3246 incognitas.
992 3179 994 3186 ’

126 3265 263 3334 XXIV.
308 3265 431 3326 Eorum
453 3269 567 3349 (μηδὲν
581 3261 742 3346 ἀναίτιον)
765 3265 889 3332 defendi
906 3277 1011 3348 potest
1033 3269 1126 3331 etiam

257 3369 296 3430 ab
319 3365 373 3442 iis,
399 3367 452 3450 qni
474 3369 642 3431 nobiscum·
659 3367 807 3432 sentiunt.

129 3473 246 3536 XXV.
292 3469 383 3532 Ordo
396 3481 427 3532 et
438 3469 624 3533 continuitas
636 3493 700 3536 non
714 3472 808 3535 infert
821 3471 1047 3549 causalitatem
1070 3479 1125 3538 sed

148 3593 152 3610 ’
256 3595 319 3638 ιιοιι
332 3571 449 3637 ordinis
467 3574 663 3654 perturbatio
683 3573 826 3650 dissolvit
843 3575 992 3638 unitatem
1007 3579 1125 3640 mundi.

129 3679 264 3742 XXVI.
296 3676 443 3740 Obieotio
452 3675 981 3759 proponituradversuslibertatem
990 3679 1121 3742 arbitrii:

128 3781 282 3851 XXVII.
327 3779 506 3863 Responsio
530 3779 664 3860 duplex;
697 3779 805 3861 prior,
841 3803 936 3864 penes
955 3805 1013 3846 nos
1033 3804 1119 3856 esse,

256 3895 298 3945 ut.
312 3882 489 3968 acquiratur
517 3882 659 3960 habitus,
693 3905 758 3948 nun
780 3883 870 3960 item,
895 3899 929 3950 ut
951 3888 1126 3971 deponatur
1217 3883 1220 3892 ⁴

257 3988 437 4074 acquisitus.
