2782 4790
267 429 326 489 162

264 592 344 684 μήτε
379 590 466 663 κατά
502 589 562 676 τὴν
591 585 764 658 ἀντίθεσιν
800 589 859 656 τοῦ
887 591 1017 680 θεριεῦν
1045 581 1129 676 πρὸς
1162 579 1201 652 τῦ
1228 581 1275 673 μὴ

267 698 439 789 θεριεῦν’
420 723 482 788 εχει
508 691 640 786 χώραν,
687 687 770 774 ε’ξ’
742 685 895 778 ,ανάγκης
926 693 986 757 τοῦ
1013 692 1125 780 ἑτέρου
1150 683 1278 756 τούτων

268 803 491 889 ἐκβαίνοντος,
537 823 617 886 μτγτε
652 791 758 863 κατὰ
772 791 810 868 τὸ
843 789 1000 883 ἑπόμενον
1040 788 1185 918 ὃποτὲρρι
1218 787 1278 858 5511

271 907 335 973 τῶν
373 900 578 972 ὑποθέσεων.
639 895 687 968 Τὸ
715 901 752 965 δὲ
785 891 870 986 τάχα
904 895 946 980 55
979 891 1018 962 τὸ
1053 897 1203 1015 εἰςεγὲρον
1237 891 1278 960 τὸ

268 1002 491 1096 ἐνδεχόμενον·
529 1001 653 1094 ὂὶχεται
674 998 743 1093 ἀρα
767 997 807 1066 τὸ
826 995 1044 1090 ἐνδεχόμενον.
1084 995 1180 1088 Πρὸς
1201 999 1279 1066 τοῦ·

192 1150 196 1164 ·
270 1135 328 1178 τον
357 1107 414 1178 ἀῦν
443 1106 501 1176 τὸν
529 1103 630 1194 λόγον
664 1101 781 1199 ῥᾴδιον
816 1098 983 1194 ἀπαντᾷν,
1026 1105 1197 1190 λέγοντας,
1235 1097 1280 1180 ὡς

270 1203 353 1282 ὅταν
377 1208 527 1307 φάσκητε
548 1207 605 1291 τὸ,
629 1211 663 1294 Ιεἰ
685 1213 829 1298 θεριεῖς,
858 1202 930 1296 οὐχὶ
954 1201 1041 1295 τάχα
1061 1212 1121 1294 μὲν
1141 1209 1279 1296 θεριεῑς,

270 1311 358 1406 τάχα
388 1319 425 1383 δὲ
461 1310 500 1382 05
533 1317 679 1405 θεριεῐς,
729 1308 817 1378 ἀλλά
854 1307 989 1389 πάντως,
1021 1314 1164 1401 θεριεῖς,
1210 1309 1279 1386 πῶς

189 1451 196 1465 ·
269 1417 390 1503 ἀξιοῖτε
419 1413 655 1486 ὑποτίθεσθαι
687 1411 725 1482 τὸ
758 1418 887 1505 θεριεῑν
899 1463 908 1494 ,
954 1409 998 1492 ὡς
1023 1410 1222 1500 ἀναγκαῖον,
1257 1407 1280 1492 5

269 1519 312 1602 ὡς
331 1516 561 1610 ἐνδεχόμενονς
591 1514 642 1585 ῗΕι
663 1524 723 1605 μέν
749 1514 815 1607 γάρ
837 1513 881 1594 ὡς
901 1511 1128 1605 ἐνδεχόμενον,
1165 1515 1279 1603 ἔχομεν

267 1621 306 1692 τὸ
331 1619 545 1711 ζητούμενον·
574 1622 601 1688 ἐτ’
618 1624 655 1688 δὲ
674 1616 716 1699 ὡς
738 1615 935 1708 ἀναγκαῖον,
956 1619 1086 1710 πρῶτον
1107 1625 1168 1706 μὲν
1194 1613 1279 1685 ἀστῦ

268 1723 388 1794 ἀιτεῖτε
420 1723 460 1793 τὸ
492 1725 525 1808 ἐξ
557 1721 660 1816 ἀρχῆς
688 1718 885 1810 ζητούμενον
920 1725 1170 1812 συγχωρεῖσθαι
1202 1715 1280 1808 ὑμῖν

268 1827 311 1909 ὡς
337 1830 482 1920 ἐναργές.
530 1825 668 1896 Ἔπειτα
700 1823 832 1908 ἀληθὲς
863 1830 924 1912 μὲν
949 1824 1043 1892 ἔσται
1075 1820 1113 1890 τὸ
1149 1819 1280 1904 πάντως

266 1937 412 2022 θεριεῦν,
445 1926 555 2021 οῦκέτι
578 1934 638 2018 μέν
656 1954 710 1996 τοι
731 1924 843 2021 χώραν
872 1929 933 2010 ἔξει
961 1925 1005 1995 τὸ.
1031 1930 1154 2014 λέγειν·
1191 1923 1279 1995 ἀλλά

265 2031 340 2125 μὴν·
354 2033 429 2117 ἤτοι
450 2037 578 2128 θεριεῖς
603 2029 624 2116 5
652 2027 691 2108 οῦ
706 2035 859 2124 θεριεῑςε
888 2031 974 2111 «Πῦς
1002 2028 1066 2155 γὰρ
1089 2032 1149 2098 τοῦ
1167 2031 1279 2124 ἑτέρον

267 2133 393 2207 τοῦτον
424 2132 681 2225 ἐτιβαὶνοντος’
661 2137 868 2258 ἀναγκαίως,
905 2137 964 2202 τοῦ
987 2135 1064 2202 δὲ
1048 2137 1161 2226 ετέροσ
1181 2137 1279 2257 δηλρ-

266 2236 340 2309 νότι
360 2237 570 2310 ἀδονάτον”
543 2263 663 2319 οντος,
686 2234 816 2361 χώραν
824 2234 947 2327 ἔχειτὰ
970 2241 1074 2325 λεγειν
1080 2289 1090 2320 ,
1113 2234 1255 2305 ἀλλά
1214 2264 1280 2326 μην

195 2391 199 2400 ·
265 2371 300 2427 5
279 2340 423 2413 τοδε
407 2349 493 2412 εστὶν
514 2341 535 2425 5
529 2335 703 2426 τόδε;“
679 2367 757 2420 ωςτε
780 2337 818 2409 05
841 2335 990 2434 πρόεισιν
1012 2335 1096 2423 ἀστὴ
1119 2343 1199 2419 τέως
1220 2337 1280 2410 ἀω-

267 2452 337 2527 τοῖς
358 2441 380 2530 5
403 2437 609 2536 ἐπιχείρησις.

757 2554 812 2617 χ

329 2650 373 2725 ‘O
394 2657 431 2722 δέ
455 2678 491 2739 γε
513 2655 622 2742 ἕτερος
645 2654 707 2720 τῶν
722 2648 838 2740 λόγων
860 2647 963 2731 ὁῦτως
988 2648 1032 2719 55
1050 2649 1281 2743 πραγματειώ-

271 2761 329 2840 δης
352 2763 408 2824 καὶ
433 2755 742 2843 δυςανεπίβλεπτος,
776 2747 852 2836 ῦςτε
877 2751 932 2820 κάὶ
953 2751 1098 2834 πολλοὺς
1127 2756 1193 2823 τῶν
1212 2759 1281 2824 55-

271 2861 521 2951 στατικωτὲρων
541 2860 625 2926 ἐῖνοα
660 2853 843 2926 δοκούντων
876 2851 1075 2943 ἀπάγεσθαι
1106 2854 1188 2950 πρὸς
1224 2856 1282 2942 τὴν

269 2961 477 3054 ἀναιροῦσαν
498 2957 538 3029 τὸ
564 2955 770 3052 ἐνδεχόμενα
786 2956 903 3043 δόξαν,
930 2955 1080 3051 πρόεισιν
1105 2964 1139 3030 ἐκ
1157 2965 1283 3056 διαιρὲε

272 3090 353 3146 σεως
392 3058 557 3147 τοιαύτης.
610 3060 662 3134 ‘Oc
689 3065 787 3147 θεοί,
823 3088 948 3158 φασιν,
990 3061 1065 3146 ἤτοι
1095 3059 1283 3155 ὡρισμένως

271 3173 365 3239 ἴσασι
395 3165 456 3253 τὴν
483 3167 619 3256 ἔκβασιν
649 3169 713 3238 τῶν
744 3169 972 3256 ἐνδεχομένων,
1020 3165 1040 3250 5
1069 3165 1283 3242 παντάπασιν

189 3305 197 3314 ‘
273 3269 468 3363 σῦδεμὶαν’
449 3275 557 3342 αυτιῦν
581 3273 711 3394 ἔχουσιν
732 3272 881 3352 ἔννοιαν,
917 3267 954 3354 5,
986 3268 1190 3364 καθάπερ“
1171 3279 1282 3362 ημεῖς,

274 3477 385 3548 οῦδὲν
396 3483 459 3548 τῶν
486 3476 588 3549 ὄντων
612 3474 740 3555 ἀυτοῦς
761 3480 938 3568 ἐνδέχεται,
974 3475 1017 3546 τά
1039 3473 1149 3546 πάντα
1171 3505 1285 3574 παρα-

272 3578 438 3673 γαγόντας
470 3591 504 3650 τε
532 3587 589 3649 καὶ
611 3581 899 3669 διακοσμοῦντες,
943 3582 1020 3659 νοῦς
1049 3605 1082 3650 τε
1115 3587 1284 3664 παντελῶς

167 3750 172 3758 ,
273 3685 401 3778 ἀμιγεῖς
421 3683 504 3778 πρὸς
521 3677 601 3767 ῦλην
618 3681 731 3764 ὄντας·
759 3685 939 3772 μᾶλλονδὲ
958 3683 1064 3775 εἰχρὴ
1087 3683 1125 3752 τὸ
1148 3682 1283 3776 ἀκριβὲε

272 3815 387 3882 στερον
406 3791 530 3882 φῦναι,
551 3793 608 3858 καὶ
632 3783 713 3878 ὑπὲρ
735 3784 794 3870 τὴν
809 3783 927 3878 νοεράν
943 3784 1047 3870 ἀυτὴν
1069 3785 1222 3874 ἰδιότητα
1245 3795 1282 3872 ¹),

272 3891 333 3977 τὴν
351 3890 453 3972 ὄντως
476 3893 600 3960 ἑαυτῶν
620 3882 759 3983 ὕπαρξιν
777 3892 977 3982 ἱδρυμένους.
1015 3886 1108 3961 ’θῦσε
1128 3890 1194 3985 γὰρ
1222 3891 1282 3964 ἀο-

273 3995 419 4086 τόματον
443 3996 578 4086 ἐροῦμεν
603 3996 686 4062 ε’ῑναι
711 3995 773 4060 τῶν
802 3989 904 4060 ὄντων
931 3989 990 4074 τὴν
1019 3989 1121 4088 φύσιν
1152 4021 1189 4080 Ιτε
1225 4004 1281 4066 καὶ
