2758 4790
267 389 330 452 236

265 563 321 626 καλ
342 553 401 638 τὴν
422 551 539 624 οῦοίαν
560 545 661 632 ἀυτῆς
682 547 910 642 ἀναιρεῖσθαι.
963 547 1075 630 Ὀἶδας
1107 556 1142 622 δέ
1170 553 1260 635 ποίοις

265 662 386 750 σχολῆς
408 654 427 726 6
449 656 667 748 Σιμιτλίκιος,
703 649 823 734 καλός
844 657 902 737 τῆς
920 651 1169 744 Ἀκαδημαϊκῆς
1189 655 1262 748 ἠρό-

265 787 350 833 σατο
377 764 483 850 πηγῆς
512 762 762 852 δαψιλέστατα,
795 755 871 851 παρ’
897 754 1086 848 Ἀμμώνιον
1113 765 1168 828 καὶ
1198 765 1260 828 Δα-

263 861 406 955 μάοκιον
427 861 504 942 τοὺς
524 857 707 940 Πλάτωνος
735 856 911 954 ῦποφητας
940 857 1118 954 φοιτησας.
1167 859 1205 930 Ὁ
1230 868 1263 932 δέ

263 994 300 1056 γε
317 962 590 1058 Ὀλυμπιόδωρος
611 967 644 1032 ἐν
664 972 724 1053 μὲν
745 967 816 1043 τοῖς
836 967 883 1044 ἐις
904 962 962 1034 τὸν
980 968 1142 1056 Γοργίαν·
1164 971 1262 1050 τιθη-

263 1074 402 1159 λυμένης
423 1073 518 1151 έστὶ,.
538 1074 638 1164 φησὶ,
667 1072 903 1160 προαιρέσεως,
940 1065 978 1136 τὸ
1000 1065 1141 1140 δίεσθαι
1160 1065 1263 1138 πάντα

261 1175 297 1257 ἐξ
316 1169 461 1260 ἀνάγκης
483 1175 566 1242 ε’ίναι
587 1167 668 1240 καθ’
693 1174 907 1264 εἰμαρμένην,
942 1179 997 1240 καὶ
1026 1176 1129 1262 μηδὲν
1157 1176 1191 1240 ἐκ
1210 1174 1264 1255 τῆς

257 1280 484 1370 ,προαιρέσεως
504 1275 663 1363 γίνεσθαι
685 1277 742 1356 τῆς
758 1271 931 1365 ἡμετέρας.
980 1273 1040 1358 Μὴ
1061 1273 1127 1367 γὰρ
1148 1270 1261 1363 νόμιζε,

264 1387 383 1476 φησὶν,
415 1371 468 1446 ὅτι
498 1375 536 1448 οῦ
566 1376 706 1448 δυνατὸν
734 1375 809 1465 παρ’
841 1380 1036 1470 ἑιμαρμένην
1063 1375 1262 1451 ἀποθανεῖν·

264 1481 406 1554 δυνατόν
443 1479 525 1572 γάρ,
575 1483 637 1568 ε’ίγε
680 1476 701 1562 ἡ
733 1482 925 1572 προαίρεσις
958 1479 1141 1577 ἀναγκάσῃ.
1197 1485 1263 1550 Καὶ

262 1585 328 1675 γὰρ
351 1593 408 1660 καὶ
427 1580 448 1667 ἡ
470 1588 645 1675 ίιμαρμένη
667 1587 701 1652 ἐκ
723 1586 782 1668 τῆς
808 1586 967 1675 προνοίας
993 1583 1144 1678 ἤρτηται.
1200 1589 1263 1654 Καὶ

264 1687 372 1768 ἀῦθις
393 1691 426 1756 έν
447 1693 517 1767 τοῖς
537 1684 650 1768 ἀοτοῐς
666 1682 860 1807 Ἀμμώνιον
885 1684 1026 1774 έιςόγει,
1061 1687 1101 1756 τὸ
1124 1690 1186 1772 τῆς
1201 1709 1264 1783 ψυ·

261 1794 322 1882 χῆς
344 1788 556 1873 ἀυτοκίνητον
569 1785 773 1918 ῦμερισχόειυ
791 1791 850 1858 τοῦ
871 1792 929 1872 τῆς
950 1793 1147 1881 ἑιμαρμένης
1168 1788 1264 1880 νόμον

265 2022 384 2090 φησιν,
421 1994 496 2066 ὀίδα
517 1945 720 2088 ἀνθρώπους
741 1992 833 2076 τινὰς
853 1987 933 2064 ὅσον
954 1989 1041 2065 κατά
1067 1995 1129 2081 τὴν
1150 1994 1264 2088 ἀστρο·

265 2101 401 2188 λογίαν,
435 2105 585 2226 θέματα
594 2102 717 2220 μοιχῶν
738 2099 891 2218 ἔχοντας,
919 2105 976 2167 καὶ
996 2103 1263 2190 σωφρονοῦνταςς

264 2207 508 2295 περιγινομένου
526 2205 585 2270 τοῦ
606 2198 822 2283 ἀυτοκινητου
843 2204 901 2282 τῆς
921 2205 1041 2296 ψυχῆς.
1080 2200 1186 2272 ’ἑΕνδ
1172 2206 1264 2280 ἑτοῖς

263 2300 565 2427 ἐιςΑλκιβιάδην,
602 2307 720 2373 ἐκτῶν
748 2306 808 2373 τοῦ
835 2305 923 2374 θεοῦ
948 2329 1056 2406 φησιν
1085 2302 1264 2396 ἐρωτήσεων

264 2405 425 2478 ἀνακύπτι
428 2429 475 2490 ιν,
513 2403 556 2487 ὥς
586 2404 667 2474 καθ
699 2402 825 2495 ἀίρεσιν
857 2411 889 2475 οἱ
920 2409 989 2496 βίοι
1018 2415 1075 2476 καὶ
1109 2405 1149 2477 όν
1171 2435 1265 2491 κατη-
1358 2451 1359 2456 1

261 2516 498 2601 ναγκτισμένοι·
519 2516 602 2604 φησι
623 2507 705 2598 γάρ,
726 2537 765 2605 τη
750 2499 909 2606 βουλῇ,
922 2507 1032 2594 (ὁῦτω
1048 2510 1089 2595 δὴ
1105 2519 1163 2582 καὶ
1184 2538 1217 2581 εν
1230 2511 1264 2606 τῇ

263 2619 492 2707 Πολιτείριῑόε)
507 2611 599 2683 ἀιτία
609 2616 772 2702 ἑλομένου,
788 2612 873 2694 θεὸς
883 2611 1039 2694 ἀναίτιος.
1062 2619 1135 2690 Καὶ
1146 2612 1263 2694 ἀῦθις·

263 2716 354 2807 ὑμεῖς
376 2720 518 2806 δαίμονα
540 2712 739 2809 ἀιρηοεσθε,
778 2713 838 2804 οῦχ
861 2712 947 2804 ὑμεῖς
974 2719 1101 2807 δαίμων
1122 2716 1265 2802 λήξεται·

264 2817 395 2908 ε’νῦμίν
415 2817 479 2909 γάρ
501 2821 588 2888 ἐστιν
609 2815 897 2888 ἑλέσθαιῡτοιόνδε
918 2821 1007 2906 βίον,
1043 2822 1210 2910 ἑλομένοις
1233 2825 1264 2890 δὲ

188 3001 191 3009 Α
263 2919 419 3012 πράττειν
440 2922 483 2992 τό
503 2918 642 3010 ἑπόμενα
663 2925 709 3015 τῷ
729 2923 808 3015 βίῳ,
830 2917 889 2990 οῦκ
909 2925 944 2996 έν
964 2919 1057 3012 ὑμῖν,
1077 2922 1151 2994 ἀλλ’
1169 2922 1265 3011 ἀνογ·

263 3027 372 3104 καίως.
412 3022 525 3106 Ὀῐδας
545 3029 581 3095 δέ
607 3037 653 3113 γε’
675 3032 731 3100 καὶ
751 3021 907 3117 Πρόκλον
933 3021 1121 3113 ἀναγκαίως
1151 3026 1193 3097 τὰ
1220 3029 1265 3095 έν-

263 3126 421 3218 δεχόμενα
441 3126 500 3197 τὸν
521 3126 608 3198 θεὸν
629 3133 748 3198 ἐιδέναι
770 3125 943 3222 φάσκοντα
964 3131 999 3196 ἐν
1019 3131 1058 3224 τῇ
1086 3129 1266 3222 θεολογικῇ

239 3231 367 3307 ’ἀυτοῦ
387 3227 578 3319 στοιχοίσει,
614 3230 795 3300 κάντεῦθεν
817 3233 1046 3324 συγχωροῦντα
1075 3233 1115 3300 τὸ
1146 3228 1267 3320 ἐνδεχό

263 3359 377 3423 μενον,
416 3330 603 3423 Ἀμμώνιον
637 3359 671 3402 τε
704 3341 773 3413 τοῖς
803 3330 918 3413 ἀστοῖς
953 3331 1099 3458 ῥήμασιν
1129 3331 1173 3415 ὡς
1204 3332 1265 3404 ἀπὸ

263 3435 440 3527 λημμάτων
457 3435 685 3526 Ιαμβλιχείων
704 3433 886 3528 χριόμενον,
917 3438 955 3504 ἐν.
982 3433 1033 3516 ὁῐς
1054 3433 1265 3565 Ἀριστοτέλη

255 3547 336 3632 ,περὶ
357 3543 417 3610 τοῦ
438 3539 683 3630 ενδεχόμενου
667 3565 700 3610 ιν
722 3543 767 3632 τῷ
791 3545 864 3631 περὶ
891 3541 1060 3632 ἑρμηνείας
1087 3536 1265 3632 ἑρμηνεόει

259 3641 335 3724 ’θός
357 3640 527 3723 τοιούτους
548 3649 603 3712 και
626 3639 814 3722 τοσούτους
811 3639 996 3735 ἀνδρας”
975 3667 1097 3725 οντας,
1135 3643 1266 3732 εὐχερῶς

263 3744 472 3818 ἀπώσασθαι
505 3744 543 3814 οὐ
576 3742 661 3816 πάνυ
693 3770 746 3814 τοι
772 3741 898 3835 ῥοίδιον.
950 3743 1002 3821 Ει
1033 3773 1064 3814 τι
1098 3743 1159 3814 ὀῦν
1187 3743 1265 3835 πρὸς

263 3853 369 3921 ταῦτα
402 3853 500 3918 ἐιπιῐν
533 3844 760 3938 δοκιμάσειας,
798 3844 836 3946 οῦ
869 3847 926 3916 τὸν
954 3847 1054 3918 πόνου
1090 3846 1179 3918 ἀλλὰ
1207 3846 1266 3928 ’τὴν

263 3959 418 4042 ἐσομένην
454 3958 522 4036 τοῖς
557 3953 791 4040 ἐντευξομένοις
834 3948 994 4048 ὠφέλειαν
1037 3949 1264 4046 λογισάμενος,
