2828 4792
1097 436 1136 496 bb

185 696 395 760 Abstinerent
417 721 497 762 vero
520 704 559 764 ab
579 703 747 768 ambitioso
774 705 942 770 certamine
964 717 996 792 et
1018 725 1134 770 conce·
1168 779 1171 784 ,

122 804 232 896 decent
262 822 330 864 esse
359 803 391 866 in
421 805 513 868 nobis
536 805 653 888 aliquid
682 807 817 872 liberum
850 822 881 874 et
908 809 1067 886 solutum,
1102 823 1136 874 et

121 902 168 967 ius
200 905 320 968 habens
349 907 583 980 contrariorum
605 911 657 971 vel
682 913 746 974 hoc
772 913 826 976 vel
850 913 927 976 illud
950 925 982 976 et
996 913 1132 1000 eligendi

121 1017 152 1070 et
173 1007 290 1092 agendi
302 1010 446 1073 homines
468 1011 523 1096 qui
544 1033 585 1075 ex
607 1012 847 1078 circumstantiis
869 1015 943 1082 iusti
965 1030 1134 1086 censentur

120 1122 183 1172 tam
210 1133 228 1173 a
252 1110 385 1194 privatis
410 1135 506 1198 quam
528 1135 546 1178 a
570 1116 678 1201 legtun
703 1118 935 1182 conditoribus.
979 1122 1055 1186 Hoc
1076 1143 1133 1185 au·

119 1225 180 1278 tem
206 1214 249 1278 ¹lit
277 1214 305 1277 si
333 1215 448 1300 dignos
480 1218 597 1282 habent
625 1219 739 1302 quibus
772 1221 958 1305 ignoscatur
991 1245 1048 1288 eos
1078 1226 1133 1309 qui

119 1339 182 1381 non
212 1329 328 1400 sponte
350 1318 467 1404 aliquid
490 1321 652 1398 fecerunt,
683 1333 832 1406 tanquam
856 1345 961 1406 poena
988 1347 1053 1390 non
1076 1331 1132 1392 dc·

119 1419 207 1483 linita
227 1420 260 1484 in
278 1413 364 1503 ipsas
385 1443 437 1486 res
460 1445 541 1508 quae
562 1423 659 1500 fiunt,
684 1424 786 1488 sedin
800 1428 929 1489 modum
950 1447 1017 1509 quo
1039 1427 1131 1493 fiunt.

120 1525 181 1586 Est
203 1534 306 1588 autem
327 1526 392 1616 boc
408 1527 472 1588 tale
491 1529 578 1611 quod
599 1549 658 1590 nec
679 1527 759 1592 alius
778 1527 961 1613 quisquam,
990 1551 1050 1594 nec
1071 1529 1133 1612 ipsi

118 1627 162 1692 illi
187 1648 337 1692 accusare
366 1641 517 1720 possent,
554 1641 676 1692 utnon
703 1643 790 1694 recte
814 1631 1003 1698 institutiun.
1049 1632 1133 1698 Cum

119 1753 198 1794 vero
231 1730 333 1794 minus
370 1731 407 1794 iis
437 1732 491 1815 qui
515 1755 575 1815 per
593 1733 806 1818 ignorantiam
840 1736 965 1817 decepti
983 1747 1044 1802 ‚aut
1071 1759 1132 1820 per
1160 1777 1165 1790 ·

119 1834 302 1906 violentiam
325 1835 429 1897 coacti
451 1835 636 1919 delinqutmt
658 1836 746 1922 digni
763 1837 825 1900 sint
843 1838 956 1921 quibus
981 1839 1130 1924 ignosca-

117 1949 190 2014 tur,
214 1937 248 1999 hi
271 1935 325 2018 qui
349 1947 467 2000 norunt
494 1940 618 2021 quidem
645 1938 720 2021 quid
743 1939 881 2017 faciant,
906 1943 963 2004 sed
986 1953 1129 2023 potesta-

118 2052 180 2104 tem
195 2060 262 2103 non
276 2041 394 2102 habent
411 2040 526 2104 talibus
542 2061 598 2104 eos
615 2043 711 2104 rebus
732 2041 1024 2120 circumstantibus,
1049 2067 1130 2127 quae

118 2144 247 2208 omuino
276 2143 349 2208 illos
378 2155 412 2208 et
439 2143 619 2206 necessario
641 2142 850 2228 circumstare
871 2146 1008 2221 debent,
1046 2147 1130 2210 aliud

118 2247 193 2332 quid
220 2245 358 2310 faciendi
372 2267 475 2329 ¹qutun
500 2247 588 2330 quod
611 2245 750 2323 iaciunt,
784 2247 857 2311 ideo
880 2249 971 2332 'quod
992 2249 1130 2320 talissit

118 2373 231 2416 eorum
256 2361 392 2425 natura,
424 2361 456 2412 et
481 2351 650 2412 seeundum
672 2361 815 2414 naturam
837 2351 1001 2433 propriam
1025 2372 1061 2415 ea
1079 2353 1128 2416 fa·

117 2455 202 2518 cirurt
217 2453 304 2538 ¹quae
334 2452 454 2515 faciunt
482 2453 569 2528 fato,
608 2453 690 2516 sicut
712 2465 825 2568 nsatura
849 2464 897 2516 est
925 2458 1128 2536 ponderoso·

117 2579 186 2620 rum
204 2556 289 2620 side
312 2555 438 2620 sublimi
455 2555 625 2632 iaciuntur,
649 2556 730 2618 ferri
745 2559 912 2632 deorsum,
937 2569 969 2619 et
982 2559 1129 2622 rotundis

117 2658 361 2724 circummoveri
373 2705 383 2734 ,
414 2659 441 2722 si
466 2658 619 2720 iaciuntur
640 2679 700 2741 per
718 2660 851 2722 declive.
897 2659 950 2723 Ob
972 2661 1045 2732 talia
1067 2683 1127 2742 pu-

117 2762 185 2827 nir'c
206 2763 351 2826 homines
377 2761 509 2844 perinde
529 2762 645 2837 habet,
670 2783 707 2824 ac
731 2762 758 2824 si
780 2783 895 2846 equum
919 2762 1031 2846 punias
1053 2763 1126 2828 ideo
1185 2811 1189 2818 -

116 2869 203 2950 quod
220 2867 319 2929 homo
342 2885 407 2929 non
432 2876 501 2940 est,
526 2866 580 2928 aut
600 2864 735 2930 aliorum
760 2865 962 2930 animantium
984 2865 1124 2948 aliquod,

116 2968 189 3034 ideo
215 2971 303 3052 quod
321 2967 453 3032 animam
472 2969 568 3030 habet
591 2968 714 3050 qualem
736 2961 850 3043 habet,
875 2979 906 3030 et
926 2989 991 3032 non
1014 2970 1125 3034 melio·
1228 3019 1235 3038 .

116 3093 195 3136 reru.
240 3072 287 3136 At
314 3090 407 3134 nemo
434 3069 579 3135 Phalaris
605 3072 684 3134 adeo
706 3069 798 3132 simul
823 3081 854 3132 et
882 3091 995 3144 saevus
1022 3079 1070 3136 est
1095 3085 1127 3159 et

116 3193 246 3254 alueus,
284 3187 319 3237 ut
348 3174 482 3256 aliquem
509 3173 636 3256 puniat,
685 3175 773 3255 quod
805 3171 917 3236 fecerit
949 3196 1004 3252 ea,
1046 3197 1127 3258 quae

113 3278 208 3341 istum
233 3278 266 3340 in
287 3279 416 3346 modum
445 3276 535 3338 fiunt.
587 3276 626 3339 In
655 3263 768 3358 quibus
798 3275 896 3361 igitur
925 3276 1126 3344 iustae-sunt

113 3401 292 3464 poenartuu
310 3378 515 3444 exactiones?
536 3379 568 3442 in
587 3379 680 3470 nullis
697 3379 766 3442 aliis
787 3382 881 3444 rebus
904 3380 964 3443 nisi
984 3379 1030 3442 iisv
1043 3402 1125 3463 quae

22 3541 24 3562 ‚
113 3485 259 3550 homines
283 3497 440 3566 perverso
466 3503 525 3544 suo
556 3482 671 3546 dilectu
693 3482 887 3566 delinquunt.
944 3479 1032 3545 Nam.
1052 3484 1122 3567 quis·

22 3587 24 3602 “
114 3608 263 3670 cunque,
287 3588 319 3650 in
337 3587 449 3672 quibus
460 3584 522 3668 ipsi
543 3585 699 3669 deligendi
718 3586 881 3650 arbitrium
897 3588 1014 3650 habent
1030 3590 1122 3650 dere·

112 3689 189 3756 licto
217 3687 389 3773 proposito
407 3702 442 3751 ut
467 3691 663 3774 agendorum
689 3709 726 3750 ea
746 3689 862 3754 faciant
884 3711 965 3773 quae
987 3691 1122 3756 honesta

113 3804 185 3874 sunt
209 3804 241 3856 et
265 3792 330 3878 legi
355 3787 584 3867 consentanea,
623 3791 714 3854 lucro
738 3791 852 3856 addicti
873 3805 926 3856 aut
949 3794 1126 3875 voluptatis.
1195 3846 1203 3863 .

113 3894 298 3984 illecebris,
332 3895 393 3959 illis
420 3893 543 3960 omissis
568 3892 688 3958 faciimt
710 3909 790 3977 quae
815 3906 887 3958 sunt
908 3913 1026 3977 prava,
1066 3917 1122 3962 eos

111 3999 225 4081 poetria
252 3997 367 4083 dignos
386 3997 524 4062 iudicant
552 3996 694 4061 homines
717 4018 826 4060 omnes
853 3998 1038 4082 veniamque
1063 3999 1122 4063 im-

808 4102 826 4161 5
