2758 4790
250 353 313 418 206

249 526 304 591 καλ
329 517 405 605 666
417 509 606 645 διαφοράν
611 511 698 587 κατά
735 509 837 640 φύσει
868 518 1077 642 60606'066‘
1059 511 1186 614 εκάστην
1218 521 1251 603 ἐξ

248 621 393 714 άνάγκης
407 617 509 708 ἡδέως
527 624 678 742 μύρεται·
679 615 884 744 άνθράποι
900 625 936 690 66
955 617 1111 710 μόνοντὰ
1128 589 1250 742 ἐξάίρε-

247 754 306 798 τον
329 729 472 849 ἔχοντες,
504 721 616 794 τόντε
636 723 713 794 νούν
734 730 789 792 καὶ
810 722 867 794 τόν
886 727 920 792 ἐκ
940 721 1060 794 τούτου
1082 722 1251 844 προφερό-

246 849 342 921 μενον
356 826 472 918 λόγον,
493 825 581 896 κατά
593 835 657 951 μὲν
674 824 733 949 666
751 822 927 910 κοινότητα
945 832 1079 900 ἕπονται
1096 830 1136 949 66
1150 825 1251 923 φύσει

247 930 305 1018 (ὡς
324 935 493 1026 προεῖπον)
521 928 609 998 κατά
636 935 671 999 66
657 927 732 998 666
755 928 976 1023 ἐξαίρετον
938 957 977 1000 06
1001 933 1041 1028 66
1066 928 1164 1026 φύσει
1190 958 1252 1000 πο-
1317 984 1323 992 „

140 1067 146 1076 ·
246 1032 441 1122 λιτεύονται.
487 1031 570 1104 Οὐδὲ
591 1031 658 1126 γάρ
683 1035 745 1123 μία
761 1037 889 1126 ,βρῶσις
913 1037 977 1104 τῶν
1001 1005 1171 1105 ἁπάντων·
1191 1033 1253 1130 άλ-

247 1145 302 1208 λοι
326 1147 386 1230 μὲν
405 1135 492 1206 κατά
513 1134 590 1217 τούς
614 1141 749 1218 λέοντας
768 1141 962 1232 τρέφονται,
991 1135 1087 1206 ἄλλοι
1109 1142 1144 1206 δε
1164 1137 1253 1207 κατά

141 1251 149 1254 “
245 1241 306 1322 τὰς
330 1238 497 1331 ἀμνάδας,
528 1238 587 1330 οὐχ
606 1235 642 1310 ιόν
666 1241 793 1330 ἔχοντες
809 1243 920 1331 σχῆμα
943 1238 1165 1335 φορημάτων,
1189 1240 1252 1312 066

245 1345 330 1424 ἔθος
354 1339 406 1426 66,
442 1341 502 1435 οὐχ
525 1348 570 1424 ἑῖς
591 1341 693 1434 νόμος
718 1346 884 1426 πολιτείας
905 1347 939 1412 ἐν
959 1341 1089 1426 ἀστοῖς,
1125 1342 1168 1414 06
1188 1347 1251 1434 μία

245 1449 370 1532 κίνησις
395 1441 576 1567 ἐπιθυμίας
597 1449 661 1514 τῶν
687 1443 909 1538 πραγμάτων·
938 1442 1047 1517 666⁰
1030 1471 1167 1526 εκαστος
1188 1451 1253 1519 τῶν

245 1547 436 1672 ἀνθρώπων
471 1545 559 1617 κατά
590 1547 649 1672 την
680 1546 767 1617 ἰδίαν
798 1554 940 1632 θέλησιν
972 1554 1113 1668 αἱρεῖται
1144 1553 1253 1644 ἑαυτῷ

243 1656 334 1742 βίον,
356 1652 414 1721 τόν
424 1654 523 1736 πλη
490 1677 562 1720 σιου
576 1650 622 1774 μὴ
640 1648 855 1780 μιμούμενος,
876 1650 988 1736 6666‘
972 1678 1005 1720 εν
1020 1649 1089 1741 ὁῑς
1086 1621 1251 1724 θούλεταί

182 1812 185 1821 ,
249 1754 297 1824 Τό
320 1759 355 1824 66
373 1752 586 1847 ἐλεύθερον
566 1757 670 1826 αυτοῦ
692 1753 752 1846 ούχ
768 1752 941 1824 ὑπόκειται
964 1747 1127 1850 δουλεία,
1133 1761 1239 1844 ἱκαί
1224 1761 1251 1826 εί

205 1939 207 1943 ,
244 1883 324 1927 ποτε
344 1849 423 1928 6666
443 1855 627 1943 δουλεύσει,
655 1866 711 1928 καί
732 1860 831 1928 τούτο
850 1858 909 1981 γῆς
931 1827 1167 1957 ἕλευθερίας’
1147 1863 1252 1929 αυτοῦ

245 1963 331 2044 ἐστι,
363 1959 402 2044 τό
426 1958 601 2032 δύνασθαι
625 1958 826 2032 δουλεύειν
810 1959 937 2032 εκόντα.
978 1959 1091 2032 Πόσοι
1113 1965 1176 2032 τῶν
1194 1959 1251 2034 ἄν·

244 2061 412 2158 θρόπιον,
442 2071 498 2141 καὶ
512 2062 660 2154 μάλιστα
677 2067 741 2135 τῶν
756 2062 942 2136 Ἀλαναίων
959 2065 1004 2150 ⁸),
1028 2063 1071 2146 ὡς
1091 2064 1134 2135 τά
1148 2064 1250 2160 άγρια

244 2171 311 2252 ζῶα
332 2169 563 2262 κρεοβορούσι,
596 2165 763 2262 ἄρτονμὴ
782 2166 971 2262 γευόμενοι,
993 2176 1050 2239 καί
1073 2166 1112 2238 06
1133 2168 1191 2240 διά
1212 2164 1263 2239 τό

243 2270 289 2361 μὴ
314 2273 418 2360 ἔχειν,
452 2269 538 2338 άλλά
561 2269 616 2340 διά
638 2269 677 2341 τό
705 2269 752 2361 μή
784 2277 916 2358 θέλειν,·
940 2269 1060 2341 ’Ἄλλοι
1089 2277 1191 2367 κρεῶν
1212 2272 1249 2343 06

243 2370 395 2463 γεύονται
414 2371 456 2454 ὡς
473 2374 516 2443 τά
531 2367 640 2498 ἥμερα
652 2377 734 2458 ζῶα·
756 2371 854 2444 όίλλοι
869 2372 1122 2500 ίχθυοριαγούσι
1137 2373 1250 2467 μόνον,

243 2481 410 2598 66660066
443 2474 573 2575 ἰχθύων
604 2474 643 2547 06
664 2474 833 2600 γεύονται,
866 2473 988 2548 οὐδ’
966 2503 1008 2548 αν
1032 2474 1252 2602 6666006656’.¹

248 2581 340 2705 Οίμὲ
327 2590 360 2649 ἑν
375 2577 631 2672 ύδροποτοῦσιν,
654 2585 686 2648 οί
707 2583 743 2651 66
765 2577 1011 2676 οἰνοποτούσιν,
1033 2587 1114 2680 0666
1100 2585 1250 2676 ἑσίκερα

243 2687 384 2754 πίνουσι
437 2687 508 2752 Καὶ
537 2679 647 2765 ἁπλῶς
672 2681 777 2767 πολλὴ
806 2683 957 2780 διαφορά
983 2669 1166 2777 βρυμάτων
1195 2696 1250 2755 καὶ

242 2785 399 2907 καμάτων
417 2790 450 2855 ἕν
462 2813 501 2882 τῃ
486 2783 721 2878 ανθριοποτι
724 2812 775 2870 τι,
803 2792 933 2880 μέχρι
916 2795 970 2857 καλ
992 2791 1025 2856 ἐν
1046 2790 1086 2886 66
1106 2793 1169 2857 τῶν
1191 2795 1249 2859 λα-

240 2886 349 3018 χάνων
366 2896 421 2958 καλ
440 2885 568 3010 ὀπορῶν
591 2885 712 2982 βρώσει
739 2888 973 2984 διαφερόμενοι
985 2883 1024 2976 4).
1063 2889 1171 2961 'A666
1195 2903 1250 2964 καὶ

242 2997 276 3060 οί
298 2989 406 3082 666‘
384 3019 441 3072 ως
453 2990 623 3113 σκόρπιοι,
658 3001 715 3061 ’καὶ
738 2989 780 3073 ὡς
807 2991 941 3072 άσπίδες
965 2994 1011 3083 μὴ
1033 2980 1250 3120 ἀδικηθέντες

242 3094 433 3165 άδικοῦσιν
463 3101 550 3164 0666
536 3093 615 3176 666
635 3093 677 3164 τά
694 3094 800 3184 ἰίλογα
823 3099 905 3180 ζῶα,
935 3094 1185 3188 ἀδικούμενοι
1164 3099 1248 3192 0666-

241 3223 375 3282 νονται,
405 3203 509 3291 ἕτεροι
534 3202 569 3266 66
599 3195 641 3278 ὡς
667 3195 760 3267 λύκοι
781 3196 984 3291 ἁρπάζουσι,
1012 3209 1068 3270 καί
1085 3199 1129 3284 ὡς
1146 3210 1248 3292 γαλαλ

242 3305 452 3372 κλέπτουσιν·
475 3302 571 3394 ίίλλοι
597 3307 632 3370 δὲ
655 3297 697 3382 ὡς
714 3299 856 3390 άμνάδες
873 3311 929 3372 καὶ
944 3302 1087 3394 μηκάδες
1104 3303 1169 3375 ύπό
1186 3309 1248 3376 τῶν

242 3403 464 3495 ὁμοιοπαθῶν
488 3403 680 3484 ἐλαύνονται
707 3407 754 3488 ⁵),
787 3413 841 3474 καί
867 3405 944 3486 τούς
968 3403 1163 3491 ἀδικοῦντας
1189 3409 1247 3479 οὐκ

180 3584 182 3591 ,
241 3506 402 3579 ἆδικοῦσι.
424 3513 601 3578 K66066
560 3513 789 3599 μίνλὲγονται
810 3505 962 3633 άγαθρλ,
985 3516 1067 3581 0666
1052 3519 1192 3634 666606,
1215 3521 1247 3583 06

241 3614 432 3682 ὃὲδίκαιοι.
464 3539 586 3682 Ὅθεν
601 3615 669 3680 ἐστὶ
702 3619 787 3682 νοειν
809 3611 855 3702 μὴ
877 3610 1006 3738 πάντας
1031 3614 1117 3685 κατά
1142 3615 1245 3737 φύσιν

240 3711 438 3804 ἄγεσθαι
405 3741 463 3785 τον
480 3713 663 3807 όίνθροιπον
684 3713 853 3798 (ποίαν
815 3745 879 3809 γαρ
903 3715 1006 3788 άυτού
1025 3721 1159 3811 ἐροῦμεν
1181 3717 1244 3814 φύ-

241 3823 334 3905 σινς)
364 3817 449 3887 6666
473 3821 519 3902 πῆ
535 3829 594 3908 μέν
612 3825 748 3914 φέρεται
771 3819 857 3888 κατά
878 3819 994 3916 φύσιν,
1030 3822 1132 3906 6666
1158 3821 1243 3892 κατά

206 3975 208 3982 .
240 3925 446 4016 προαίρεσιν·
483 3920 535 3992 606
566 3921 623 3992 τόν
651 3923 783 3993 ἔπαινον
806 3931 860 4024 666
889 3923 945 3995 τόν
970 3923 1080 4023 ψόγου
1108 3934 1163 3996 καὶ
1187 3925 1244 4010 τὴν
