2828 4792
254 374 295 436 27

161 593 166 630 .·
251 537 557 633 ἀκριβολογεῖσθαι
582 543 655 660 περὶ
683 535 748 602 τάν
767 538 1028 656 προειρημένων,
1067 528 1181 600 ἱκανὸν
1199 529 1268 658 γὰρ

252 639 296 724 ὡς
315 641 399 735 πρὸς
417 637 459 708 τά
475 641 672 732 προκείμενα
690 664 729 704 το
716 635 905 720 δεῖξαι,έ
906 632 939 729 φ’
957 626 1002 705 ὧν
1021 638 1269 724 σημαινομένων

250 745 294 815 τά
316 742 469 834 ὀνόματα
497 747 731 834 κατηγορεῖται
755 741 799 822 ¹0)
827 736 870 808 τά
894 741 1058 832 ἐιρημένα.
1092 735 1219 808 Ὄντων
1233 741 1269 808 δέ
1292 735 1298 744 ’

251 851 317 918 τῶν
341 845 408 915 ἀπὸ
430 843 530 936 τύχης
549 871 584 914 τε
608 852 665 914 καὶ
685 838 881 932 ἀυτομάτως
900 846 1078 930 γινομένων
1092 837 1269 924 τοιούτων,

252 948 295 1032 ὡς
308 949 354 1041 μὴ
368 951 529 1038 γίνεσθαι
544 945 632 1017 κατὰ
642 949 890 1040 προηγουμένην
904 942 1014 1014 ἀντίαν
1025 943 1173 1038 (τῶνγὰρ
1185 968 1271 1018 σπα-

250 1055 326 1134 νίως
344 1056 394 1122 έπλ
417 1059 486 1132 τοῖς
512 1048 578 1145 πρὸ
598 1047 709 1120 ἀυτῶν
722 1043 895 1137 γεγονόσιν
914 1043 1135 1118 ἀπαντώντων,
1148 1049 1207 1133 ¹¹),
1228 1042 1269 1116 τό

250 1183 285 1226 τε
300 1159 346 1240 ¹²)
371 1151 564 1245 ἀυτύματον
585 1159 641 1224 καὶ
662 1148 685 1236 7
712 1149 807 1242 τύχη)
832 1153 902 1232 πῶς
930 1149 972 1222 ἀν
992 1147 1129 1234 σύζοιτὸ
1150 1179 1183 1222 τι
1205 1153 1271 1222 τῶν

250 1263 512 1388 προειρημένων,
542 1253 625 1326 καθ’
650 1251 709 1336 ὁύς
733 1251 845 1324 πάντα
869 1259 1164 1378 προηγημαμέιιοις
1185 1261 1272 1326 τισλν

203 1391 206 1396 ·
252 1357 392 1444 ἀντίους,
421 1367 478 1429 καὶ
498 1363 759 1482 προηγουμένοις
775 1353 850 1440 έξ’
829 1353 974 1444 ανάγκης
992 1359 1063 1428 ἔστι
1079 1384 1114 1428 τι
1128 1355 1171 1428 τὰ
1188 1356 1272 1428 ὄντα

251 1470 309 1534 καὶ
325 1462 369 1532 τά
386 1459 542 1552 γινόμενα
563 1464 704 1550 γίνεται,
736 1455 882 1536 ἑκάστου
897 1461 961 1527 τῶν
974 1485 1151 1548 γινομένων
1165 1457 1273 1530 ἀύτιόν

252 1595 287 1637 τι
303 1563 691 1659 προκαταβεβλημένονὛ
672 1586 803 1652 εχοντος
817 1556 919 1643 ιὅ),
902 1560 945 1630 ού
954 1559 1049 1642 ὄντος
1063 1557 1273 1651 ἢγεγονότος

252 1666 379 1758 ἀνάγκη
396 1674 453 1736 καὶ
468 1693 552 1736 αυτο
567 1696 588 1752 η
607 1669 692 1736 έῖναι
705 1695 725 1749 η
710 1663 928 1754 ’γίνεσθαι,.
941 1663 1023 1744 τούς
1035 1669 1137 1753 μηδέν
1103 1663 1198 1750 3¹4)
1185 1672 1273 1759 )μέν

253 1768 419 1854 σώζοντας
435 1772 500 1838 τῶν
516 1773 775 1862 προειρημένων,
797 1765 866 1838 κατ’
884 1766 988 1838 ἄλλον
1004 1772 1041 1836 δέ
1057 1795 1147 1850 τινος
1161 1769 1274 1856 τὸτῆς

158 1875 161 1882 ’
252 1870 352 1963 τύχης
362 1868 653 1960 νομοθετήσαντες
664 1869 789 1960 ὅνομας
811 1869 850 1941 τὸ
860 1868 933 1964 γὰρ,
941 1875 985 1954 ¹⁵)
995 1869 1040 1960 μὴ
1053 1869 1274 1962 ἀναιρέεσθαι

253 1979 359 2045 έκεῖνα
372 1971 450 2058 ¹⁸)‘
433 1972 497 2042 υπὸ
512 1977 572 2042 τοῦ
581 1969 692 2042 πάντα
704 1971 783 2056 έξ’
753 1969 898 2063 ανάγκης
909 1976 1069 2062 γίνεσθαι
1080 1980 1270 2066 τιθεμένου,

201 2124 203 2128 .
252 2082 335 2169 μηδὲ
349 2075 410 2197 777
423 2073 522 2166 τύχην
536 2083 593 2146 καὶ
604 2073 836 2206 μναιρεῖσδαι
841 2074 885 2159 ¹⁷)
903 2080 1023 2164 λέγειν,
1044 2082 1271 2201 σοφιζομένων

253 2183 342 2249 ἐστὶν
366 2177 487 2270 ὁμοίως
509 2175 632 2259 ἀυτούς
655 2185 759 2248 τεκαὶ
782 2176 861 2260 τούς
878 2176 1063 2260 ἀκούοντας
1082 2178 1272 2264 18)ἀντυ”ιν.

250 2277 404 2370 ’θύτωμὲ
406 2280 499 2375 νγάρ
515 2279 590 2350 ούδέ
593 2277 762 2350 νκωλύσει
773 2285 816 2364 19)
827 2285 931 2370 λέγειν
942 2281 1065 2354 ταυτὸν
1075 2286 1272 2373 έιμαρμένην

214 2419 216 2427 ⁴
254 2409 288 2456 τι
307 2389 393 2454 έῑυαι
412 2392 467 2457 καὶ
488 2380 604 2474 τύχην,
637 2391 693 2454 καὶ
710 2387 872 2454 τοσοῦτον
897 2382 1032 2462 ἀποδεῖν
1056 2387 1106 2472 ²⁰)
1132 2391 1191 2456 τοῦ
1212 2386 1274 2474 τὴν

253 2485 354 2578 τύχην
367 2486 546 2611 ἀναιρεῖν,
555 2484 598 2568 ὡς
614 2493 671 2556 καλ
685 2482 796 2558 πάντα
812 2486 856 2556 τά
874 2485 1032 2612 γινύμενα
1047 2491 1094 2574 ²¹)
1111 2492 1272 2580 γίνεσθαι

254 2589 399 2692 λέγειν’
379 2590 446 2660 απὸ
469 2587 577 2717 τύχης.
615 2585 705 2660 '’A77
723 2587 784 2660 ούιι
801 2592 853 2662 έπλ
870 2594 917 2685 τῷ
931 2588 1078 2683 τόύνομα
1095 2591 1207 2680 σώζειν
1220 2595 1272 2680 ²²)

166 2781 175 2800 .
228 2733 231 2738 ·
253 2693 370 2779 τὸτῆς
393 2691 491 2784 τύχης
517 2697 603 2783 έιχον
620 2696 679 2780 τῆν
701 2691 829 2778 ἀιτίαν,
851 2661 920 2763 ἀλλ’
944 2697 1054 2766 ἐπὶ
1009 2723 1053 2764 τω
1035 2693 1216 2828 ἀναιρεῖν
1231 2698 1271 2768 τὸ

254 2795 340 2868 ὁύτω
361 2799 518 2886 γίνεσθαί
536 2823 633 2880 τινα,
662 2787 706 2868 ὧν
727 2795 766 2867 τὸ
789 2795 856 2868 ἀπὸ
873 2793 972 2888 τύχης
993 2825 1028 2868 τε
1049 2808 1106 2872 καὶ
1123 2797 1272 2890 ἀντόμα-

253 2927 312 2970 τον
325 2899 373 2986 ²³)
387 2902 548 3022 γίγεοθαι
562 2909 805 3023 κατηγορεῖται.
852 2901 893 2970 Τί
915 2899 979 2994 γὰρ
1001 2900 1085 2975 ἀλλο
1106 2908 1272 2989 ποιοῦσιν,

257 3009 292 3074 οἱ
312 3001 373 3088 τὴν
386 2999 486 3094 τύχην
502 3001 607 3077 καὶτὸ
618 2999 809 3128 ἀντύματον
824 2994 1134 3126 ὁριζόμενοιάιγίαν
1150 3004 1274 3091 ἄδηλον

191 3147 195 3158 ·
254 3104 457 3204 ἀνθρωπίνω
486 3107 702 3202 λογισμῷ,’
687 3105 710 3190 η’
738 3105 837 3198 τύχης
861 3114 894 3175 τὶ
922 3104 1164 3199 σημαινόμενον
1189 3104 1299 3182 ἴδιον’

254 3206 469 3299 έισάγονσὶ
446 3236 481 3279 τε
501 3237 557 3280 και
545 3214 818 3300 νομοθετοῦσι,
853 3207 892 3278 τὸ
914 3208 983 3305 γάρ
1002 3214 1048 3294 έις
1071 3210 1138 3296 τὴν
1152 3209 1273 3286 τούτου

254 3311 416 3384 σύστασιν
434 3308 635 3438 χρήσασθαι
649 3313 695 3408 τῷ
710 3317 815 3402 λέγειν
831 3310 925 3394 τινὰς
940 3309 1135 3404 ἀυτομύτως
1147 3322 1273 3402 νοσεῖν,

191 3459 193 3466 ,
254 3409 336 3487 ὅταν
353 3405 549 3516 ἀδηλοςῆ’
529 3412 677 3500 αυτοῖςὴ
700 3412 792 3484 ἀιτῖα
813 3418 872 3500 τῆς
888 3413 1010 3500 νόσου,
1040 3421 1177 3542 ιγεῦδος.
1214 3416 1273 3490 ’Ov

253 3516 318 3614 γὰρ
337 3515 662 3609 ἀςύύσηςμέντινος
679 3515 807 3604 ἀντίας,
829 3516 956 3603 ἀδήλου
975 3517 1054 3590 δέ’
1033 3527 1166 3606 αυτοῖς,
1187 3518 1274 3596 ὁύτιι

195 3657 196 3662 ’
254 3626 425 3752 λέγουσιν,
447 3619 549 3707 ἀλλ”
533 3617 582 3718 ιμ’
596 3611 651 3692 ὧν
652 3620 818 3744 ἀναιτίως
832 3627 1002 3712 γεγονέναι
1019 3622 1234 3704 πείθουσιν
1214 3653 1275 3698 αυ-

253 3723 331 3807 τούς
342 3778 351 3809 ,
373 3729 425 3795 επὶ
438 3722 564 3811 τούτων
584 3724 623 3794 τὸ
642 3721 834 3815 ἀυτόματον
856 3730 1107 3850 κατηγοροῦσιν.
1145 3725 1205 3801 ’ου
1223 3733 1277 3800 δεῖ

253 3827 318 3923 γάρ
336 3817 453 3912 2⁴)”
404 3857 446 3924 εφ
473 3827 512 3898 ὁυ
497 3830 666 3915 ζητοῦσι
685 3825 747 3912 τὴν
772 3823 900 3937 ἀιτέαν,
922 3827 966 3921 ὡς
983 3826 1101 3916 ὀύσης,
1123 3827 1272 3957 ἀυτομῖι·

239 3959 318 4013 ,τως
335 3929 418 4004 ἀντὸ
432 3936 598 4021 γεγονέναι
610 3935 733 4030 λέγειν,
747 3911 826 4004 777
850 3927 961 4006 777'u
940 3962 959 4020 ο
978 3936 1025 4016 ²⁵)
1039 3937 1211 4022 πέπεισταὶ
1224 3962 1274 4016 τις
