<?xml version="1.0" encoding="UTF-8"?>
<!DOCTYPE html PUBLIC "-//W3C//DTD XHTML 1.0 Transitional//EN"
    "http://www.w3.org/TR/xhtml1/DTD/xhtml1-transitional.dtd">
<html xmlns="http://www.w3.org/1999/xhtml" xml:lang="en" lang="en">
 <head>
  <title>
</title>
<meta http-equiv="Content-Type" content="text/html;charset=utf-8" />
  <meta name='ocr-system' content='tesseract 3.04.00' />
  <meta name='ocr-capabilities' content='ocr_page ocr_carea ocr_par ocr_line ocrx_word'/>
</head>
<body>
  <div class='ocr_page' id='page_1' title='image "./alexandriaphrod01bardgoog_0172.png"; bbox 0 0 2782 4790; ppageno 0'>
   <div class='ocr_carea' id='block_1_1' title="bbox 291 981 1003 1068">
    <p class='ocr_par' dir='ltr' id='par_1_1' title="bbox 291 981 1003 1068">
     <span class='ocr_line' id='line_1_1' title="bbox 291 981 1003 1068; baseline 0.008 -9"><span class='ocrx_word' id='word_1_1' title='bbox 291 981 639 1063; x_wconf 89' lang='lat' dir='ltr'>AMMONII</span> <span class='ocrx_word' id='word_1_2' title='bbox 694 986 1003 1068; x_wconf 86' lang='lat' dir='ltr'>HERMIAE</span> 
     </span>
    </p>
   </div>
   <div class='ocr_carea' id='block_1_2' title="bbox 168 1141 1112 1354">
    <p class='ocr_par' dir='ltr' id='par_1_2' title="bbox 168 1141 1112 1354">
     <span class='ocr_line' id='line_1_2' title="bbox 419 1141 871 1212; baseline 0.002 -4"><span class='ocrx_word' id='word_1_3' title='bbox 419 1141 871 1212; x_wconf 86' lang='lat' dir='ltr'><strong>COMMENTARIUS</strong></span> 
     </span>
     <span class='ocr_line' id='line_1_3' title="bbox 168 1279 1112 1354; baseline 0.011 -11"><span class='ocrx_word' id='word_1_4' title='bbox 168 1279 218 1344; x_wconf 92' lang='lat' dir='ltr'>IN</span> <span class='ocrx_word' id='word_1_5' title='bbox 249 1280 523 1350; x_wconf 86' lang='lat' dir='ltr'>SEGTIONEM</span> <span class='ocrx_word' id='word_1_6' title='bbox 551 1287 600 1351; x_wconf 91' lang='grc' dir='ltr'>ΙΙ.</span> <span class='ocrx_word' id='word_1_7' title='bbox 628 1288 759 1352; x_wconf 91' lang='lat' dir='ltr'>LIBRI</span> <span class='ocrx_word' id='word_1_8' title='bbox 788 1288 1112 1354; x_wconf 84' lang='lat' dir='ltr'><strong>ARISTOTELIS.</strong></span> 
     </span>
    </p>
   </div>
   <div class='ocr_carea' id='block_1_3' title="bbox 384 1443 904 1520">
    <p class='ocr_par' dir='ltr' id='par_1_3' title="bbox 384 1443 904 1520">
     <span class='ocr_line' id='line_1_4' title="bbox 384 1443 904 1520; baseline 0.015 -24"><span class='ocrx_word' id='word_1_9' title='bbox 384 1443 427 1498; x_wconf 85' lang='lat' dir='ltr'>De</span> <span class='ocrx_word' id='word_1_10' title='bbox 447 1446 679 1520; x_wconf 82' lang='lat' dir='ltr'>interpretatione</span> <span class='ocrx_word' id='word_1_11' title='bbox 697 1449 779 1504; x_wconf 86' lang='lat' dir='ltr'>Parte</span> <span class='ocrx_word' id='word_1_12' title='bbox 798 1462 904 1504; x_wconf 80' lang='lat' dir='ltr'>octava.</span> 
     </span>
    </p>
   </div>
   <div class='ocr_carea' id='block_1_4' title="bbox 540 1637 787 1672">
    <p class='ocr_par' dir='ltr' id='par_1_4' title="bbox 540 1637 787 1672">
     <span class='ocr_line' id='line_1_5' title="bbox 540 1637 787 1672; baseline 0 -21"><span class='ocrx_word' id='word_1_13' title='bbox 540 1637 733 1672; x_wconf 39' lang='lat' dir='ltr'>Q*</span> <span class='ocrx_word' id='word_1_14' title='bbox 785 1651 787 1660; x_wconf 68' lang='lat' dir='ltr'>y</span> 
     </span>
    </p>
   </div>
   <div class='ocr_carea' id='block_1_5' title="bbox 415 1766 866 1949">
    <p class='ocr_par' dir='ltr' id='par_1_5' title="bbox 415 1766 866 1949">
     <span class='ocr_line' id='line_1_6' title="bbox 415 1766 866 1840; baseline 0.011 -21"><span class='ocrx_word' id='word_1_15' title='bbox 415 1766 552 1838; x_wconf 72' lang='lat' dir='ltr'>&lt;Erigone</span> <span class='ocrx_word' id='word_1_16' title='bbox 565 1770 669 1822; x_wconf 82' lang='lat' dir='ltr'>Grotio</span> <span class='ocrx_word' id='word_1_17' title='bbox 681 1771 866 1840; x_wconf 78' lang='lat' dir='ltr'>interprete.)</span> 
     </span>
     <span class='ocr_line' id='line_1_7' title="bbox 595 1873 685 1949; baseline 0 -15"><span class='ocrx_word' id='word_1_18' title='bbox 595 1877 627 1949; x_wconf 86' lang='lat'>§.</span> <span class='ocrx_word' id='word_1_19' title='bbox 653 1873 685 1935; x_wconf 85' lang='lat' dir='ltr'>i.</span> 
     </span>
    </p>
   </div>
   <div class='ocr_carea' id='block_1_6' title="bbox 116 1983 1139 2592">
    <p class='ocr_par' dir='ltr' id='par_1_6' title="bbox 140 1983 1139 2281">
     <span class='ocr_line' id='line_1_8' title="bbox 206 1983 1139 2077; baseline 0.003 -22"><span class='ocrx_word' id='word_1_20' title='bbox 206 1988 289 2055; x_wconf 88' lang='lat' dir='ltr'>Cum</span> <span class='ocrx_word' id='word_1_21' title='bbox 313 1988 411 2076; x_wconf 83' lang='lat' dir='ltr'>igitur</span> <span class='ocrx_word' id='word_1_22' title='bbox 434 2003 500 2056; x_wconf 83' lang='lat' dir='ltr'>tres</span> <span class='ocrx_word' id='word_1_23' title='bbox 524 1992 703 2075; x_wconf 82' lang='lat' dir='ltr'><strong>praedictae</strong></span> <span class='ocrx_word' id='word_1_24' title='bbox 728 1983 947 2077; x_wconf 83' lang='lat' dir='ltr'>oppositiones</span> <span class='ocrx_word' id='word_1_25' title='bbox 969 1994 1139 2058; x_wconf 89' lang='lat' dir='ltr'>seeundum</span> 
     </span>
     <span class='ocr_line' id='line_1_9' title="bbox 141 2094 1139 2180; baseline 0 -22"><span class='ocrx_word' id='word_1_26' title='bbox 141 2114 266 2158; x_wconf 90' lang='lat' dir='ltr'>omnem</span> <span class='ocrx_word' id='word_1_27' title='bbox 288 2094 440 2177; x_wconf 91' lang='lat' dir='ltr'>temporis</span> <span class='ocrx_word' id='word_1_28' title='bbox 463 2095 648 2159; x_wconf 82' lang='lat' dir='ltr'>varietatem</span> <span class='ocrx_word' id='word_1_29' title='bbox 668 2095 739 2180; x_wconf 83' lang='lat' dir='ltr'>pari</span> <span class='ocrx_word' id='word_1_30' title='bbox 759 2099 856 2160; x_wconf 90' lang='lat' dir='ltr'>modo</span> <span class='ocrx_word' id='word_1_31' title='bbox 877 2113 911 2160; x_wconf 90' lang='lat' dir='ltr'>se</span> <span class='ocrx_word' id='word_1_32' title='bbox 931 2098 1083 2174; x_wconf 84' lang='lat' dir='ltr'>habeant,</span> <span class='ocrx_word' id='word_1_33' title='bbox 1107 2097 1139 2158; x_wconf 91' lang='lat' dir='ltr'>in</span> 
     </span>
     <span class='ocr_line' id='line_1_10' title="bbox 140 2197 1139 2281; baseline 0.006 -21"><span class='ocrx_word' id='word_1_34' title='bbox 140 2217 180 2261; x_wconf 87' lang='lat' dir='ltr'>eo</span> <span class='ocrx_word' id='word_1_35' title='bbox 203 2199 291 2281; x_wconf 87' lang='lat' dir='ltr'>qood</span> <span class='ocrx_word' id='word_1_36' title='bbox 310 2197 428 2262; x_wconf 87' lang='lat' dir='ltr'>faciant</span> <span class='ocrx_word' id='word_1_37' title='bbox 452 2197 504 2264; x_wconf 87' lang='lat' dir='ltr'>vei</span> <span class='ocrx_word' id='word_1_38' title='bbox 523 2221 588 2264; x_wconf 92' lang='lat' dir='ltr'>non</span> <span class='ocrx_word' id='word_1_39' title='bbox 612 2199 728 2264; x_wconf 86' lang='lat' dir='ltr'>Iaeiant</span> <span class='ocrx_word' id='word_1_40' title='bbox 750 2199 1030 2276; x_wconf 85' lang='lat' dir='ltr'>contradictiones,</span> <span class='ocrx_word' id='word_1_41' title='bbox 1055 2200 1139 2266; x_wconf 85' lang='lat' dir='ltr'>affir-</span> 
     </span>
    </p>

    <p class='ocr_par' dir='ltr' id='par_1_7' title="bbox 116 2293 1139 2592">
     <span class='ocr_line' id='line_1_11' title="bbox 116 2293 1139 2386; baseline 0.003 -23"><span class='ocrx_word' id='word_1_42' title='bbox 116 2312 204 2385; x_wconf 84' lang='lat' dir='ltr'>mat</span> <span class='ocrx_word' id='word_1_43' title='bbox 225 2293 416 2366; x_wconf 81' lang='lat' dir='ltr'>Aristoteles</span> <span class='ocrx_word' id='word_1_44' title='bbox 450 2303 677 2368; x_wconf 80' lang='lat' dir='ltr'>enuntiationes</span> <span class='ocrx_word' id='word_1_45' title='bbox 709 2303 914 2386; x_wconf 82' lang='lat' dir='ltr'>particulares</span> <span class='ocrx_word' id='word_1_46' title='bbox 947 2302 979 2365; x_wconf 93' lang='lat' dir='ltr'>in</span> <span class='ocrx_word' id='word_1_47' title='bbox 1008 2303 1139 2366; x_wconf 85' lang='lat' dir='ltr'>materia</span> 
     </span>
     <span class='ocr_line' id='line_1_12' title="bbox 140 2402 1138 2490; baseline 0 -22"><span class='ocrx_word' id='word_1_48' title='bbox 140 2402 266 2486; x_wconf 80' lang='lat' dir='ltr'>quidem</span> <span class='ocrx_word' id='word_1_49' title='bbox 287 2404 462 2470; x_wconf 88' lang='lat' dir='ltr'>necessaria</span> <span class='ocrx_word' id='word_1_50' title='bbox 483 2417 515 2468; x_wconf 90' lang='lat' dir='ltr'>et</span> <span class='ocrx_word' id='word_1_51' title='bbox 534 2404 721 2490; x_wconf 87' lang='lat' dir='ltr'>impossibili</span> <span class='ocrx_word' id='word_1_52' title='bbox 746 2428 858 2470; x_wconf 84' lang='lat' dir='ltr'>verum</span> <span class='ocrx_word' id='word_1_53' title='bbox 875 2419 907 2469; x_wconf 91' lang='lat' dir='ltr'>et</span> <span class='ocrx_word' id='word_1_54' title='bbox 924 2406 1039 2471; x_wconf 85' lang='lat' dir='ltr'>falsum</span> <span class='ocrx_word' id='word_1_55' title='bbox 1061 2405 1138 2469; x_wconf 83' lang='lat' dir='ltr'>defi-</span> 
     </span>
     <span class='ocr_line' id='line_1_13' title="bbox 137 2496 1138 2592; baseline 0 -20"><span class='ocrx_word' id='word_1_56' title='bbox 137 2496 202 2572; x_wconf 88' lang='lat' dir='ltr'>nite</span> <span class='ocrx_word' id='word_1_57' title='bbox 225 2507 404 2590; x_wconf 81' lang='lat' dir='ltr'>dispencere</span> <span class='ocrx_word' id='word_1_58' title='bbox 422 2521 475 2572; x_wconf 89' lang='lat' dir='ltr'>aut</span> <span class='ocrx_word' id='word_1_59' title='bbox 493 2509 681 2574; x_wconf 79' lang='lat' dir='ltr'>distribuere</span> <span class='ocrx_word' id='word_1_60' title='bbox 703 2512 873 2574; x_wconf 86' lang='lat' dir='ltr'>seeundum</span> <span class='ocrx_word' id='word_1_61' title='bbox 890 2530 982 2574; x_wconf 90' lang='lat' dir='ltr'>omne</span> <span class='ocrx_word' id='word_1_62' title='bbox 1001 2521 1138 2592; x_wconf 86' lang='lat' dir='ltr'>tempus.</span> 
     </span>
    </p>
   </div>
   <div class='ocr_carea' id='block_1_7' title="bbox 138 2608 1252 2689">
    <p class='ocr_par' dir='ltr' id='par_1_8' title="bbox 138 2608 1252 2689">
     <span class='ocr_line' id='line_1_14' title="bbox 138 2608 1252 2689; baseline -0.001 -14"><span class='ocrx_word' id='word_1_63' title='bbox 138 2608 222 2675; x_wconf 90' lang='lat' dir='ltr'>Cum</span> <span class='ocrx_word' id='word_1_64' title='bbox 240 2611 321 2674; x_wconf 90' lang='lat' dir='ltr'>enim</span> <span class='ocrx_word' id='word_1_65' title='bbox 344 2611 474 2674; x_wconf 88' lang='lat' dir='ltr'>materia</span> <span class='ocrx_word' id='word_1_66' title='bbox 496 2612 536 2676; x_wconf 89' lang='lat' dir='ltr'>sit</span> <span class='ocrx_word' id='word_1_67' title='bbox 553 2612 747 2689; x_wconf 84' lang='lat' dir='ltr'>necessaria,</span> <span class='ocrx_word' id='word_1_68' title='bbox 771 2633 900 2677; x_wconf 89' lang='lat' dir='ltr'>neeesse</span> <span class='ocrx_word' id='word_1_69' title='bbox 921 2623 969 2675; x_wconf 91' lang='lat' dir='ltr'>est</span> <span class='ocrx_word' id='word_1_70' title='bbox 989 2612 1139 2675; x_wconf 84' lang='lat' dir='ltr'>Affirma-</span> <span class='ocrx_word' id='word_1_71' title='bbox 1250 2653 1252 2656; x_wconf 94' lang='lat'>-</span> 
     </span>
    </p>
   </div>
   <div class='ocr_carea' id='block_1_8' title="bbox 132 2713 1180 3629">
    <p class='ocr_par' dir='ltr' id='par_1_9' title="bbox 132 2713 1180 3629">
     <span class='ocr_line' id='line_1_15' title="bbox 135 2713 1138 2800; baseline 0 -23"><span class='ocrx_word' id='word_1_72' title='bbox 135 2713 254 2778; x_wconf 91' lang='lat' dir='ltr'>tionem</span> <span class='ocrx_word' id='word_1_73' title='bbox 283 2735 391 2777; x_wconf 82' lang='lat' dir='ltr'>veram</span> <span class='ocrx_word' id='word_1_74' title='bbox 420 2737 510 2794; x_wconf 88' lang='lat' dir='ltr'>esse,</span> <span class='ocrx_word' id='word_1_75' title='bbox 535 2716 682 2780; x_wconf 82' lang='lat' dir='ltr'>&#39;aientem</span> <span class='ocrx_word' id='word_1_76' title='bbox 709 2716 826 2800; x_wconf 85' lang='lat' dir='ltr'>quippe</span> <span class='ocrx_word' id='word_1_77' title='bbox 855 2716 933 2780; x_wconf 88' lang='lat' dir='ltr'>illud</span> <span class='ocrx_word' id='word_1_78' title='bbox 960 2717 1138 2798; x_wconf 88' lang='lat' dir='ltr'>essequod</span> 
     </span>
     <span class='ocr_line' id='line_1_16' title="bbox 135 2817 1180 2908; baseline -0.003 -27"><span class='ocrx_word' id='word_1_79' title='bbox 135 2817 317 2897; x_wconf 72' lang='lat' dir='ltr'>necessario</span> <span class='ocrx_word' id='word_1_80' title='bbox 340 2829 406 2895; x_wconf 88' lang='lat' dir='ltr'>est,</span> <span class='ocrx_word' id='word_1_81' title='bbox 430 2819 642 2904; x_wconf 85' lang='lat' dir='ltr'>Negationem</span> <span class='ocrx_word' id='word_1_82' title='bbox 664 2841 743 2884; x_wconf 84' lang='lat' dir='ltr'>vero</span> <span class='ocrx_word' id='word_1_83' title='bbox 764 2820 876 2884; x_wconf 81' lang='lat' dir='ltr'>falsam</span> <span class='ocrx_word' id='word_1_84' title='bbox 898 2840 984 2896; x_wconf 89' lang='lat' dir='ltr'>esse,</span> <span class='ocrx_word' id='word_1_85' title='bbox 1007 2830 1043 2883; x_wconf 89' lang='lat' dir='ltr'>ut</span> <span class='ocrx_word' id='word_1_86' title='bbox 1057 2838 1138 2900; x_wconf 83' lang='lat' dir='ltr'>quae</span> <span class='ocrx_word' id='word_1_87' title='bbox 1166 2861 1180 2908; x_wconf 85' lang='lat'>.·</span> 
     </span>
     <span class='ocr_line' id='line_1_17' title="bbox 134 2919 1136 3006; baseline -0.003 -20"><span class='ocrx_word' id='word_1_88' title='bbox 134 2921 227 2988; x_wconf 91' lang='lat' dir='ltr'>tollat</span> <span class='ocrx_word' id='word_1_89' title='bbox 247 2922 350 2999; x_wconf 87' lang='lat' dir='ltr'>istud,</span> <span class='ocrx_word' id='word_1_90' title='bbox 375 2924 463 3006; x_wconf 86' lang='lat' dir='ltr'>quod</span> <span class='ocrx_word' id='word_1_91' title='bbox 484 2919 663 2987; x_wconf 83' lang='lat' dir='ltr'>necessario</span> <span class='ocrx_word' id='word_1_92' title='bbox 686 2920 819 2986; x_wconf 83' lang='lat' dir='ltr'>exsistit.</span> <span class='ocrx_word' id='word_1_93' title='bbox 864 2921 948 2986; x_wconf 90' lang='lat' dir='ltr'>Cum</span> <span class='ocrx_word' id='word_1_94' title='bbox 969 2943 1049 2986; x_wconf 86' lang='lat' dir='ltr'>vero</span> <span class='ocrx_word' id='word_1_95' title='bbox 1071 2942 1136 2984; x_wconf 90' lang='lat' dir='ltr'>ma·</span> 
     </span>
     <span class='ocr_line' id='line_1_18' title="bbox 133 3024 1137 3110; baseline -0.005 -20"><span class='ocrx_word' id='word_1_96' title='bbox 133 3027 213 3090; x_wconf 85' lang='lat' dir='ltr'>teria</span> <span class='ocrx_word' id='word_1_97' title='bbox 235 3026 276 3090; x_wconf 89' lang='lat' dir='ltr'>sit</span> <span class='ocrx_word' id='word_1_98' title='bbox 300 3025 515 3108; x_wconf 85' lang='lat' dir='ltr'>impossibilis,</span> <span class='ocrx_word' id='word_1_99' title='bbox 536 3047 634 3110; x_wconf 88' lang='lat' dir='ltr'>aeque</span> <span class='ocrx_word' id='word_1_100' title='bbox 663 3047 792 3089; x_wconf 88' lang='lat' dir='ltr'>necesse</span> <span class='ocrx_word' id='word_1_101' title='bbox 814 3036 861 3088; x_wconf 91' lang='lat' dir='ltr'>est</span> <span class='ocrx_word' id='word_1_102' title='bbox 885 3024 1137 3093; x_wconf 73' lang='lat' dir='ltr'>Affirmafionem</span> 
     </span>
     <span class='ocr_line' id='line_1_19' title="bbox 132 3127 1136 3214; baseline -0.001 -21"><span class='ocrx_word' id='word_1_103' title='bbox 132 3129 244 3193; x_wconf 76' lang='lat' dir='ltr'>falsam</span> <span class='ocrx_word' id='word_1_104' title='bbox 262 3150 366 3206; x_wconf 86' lang='lat' dir='ltr'>essse,</span> <span class='ocrx_word' id='word_1_105' title='bbox 398 3129 532 3194; x_wconf 84' lang='lat' dir='ltr'>aientem</span> <span class='ocrx_word' id='word_1_106' title='bbox 554 3131 671 3214; x_wconf 89' lang='lat' dir='ltr'>quippe</span> <span class='ocrx_word' id='word_1_107' title='bbox 692 3129 770 3193; x_wconf 89' lang='lat' dir='ltr'>illud</span> <span class='ocrx_word' id='word_1_108' title='bbox 792 3148 878 3205; x_wconf 87' lang='lat' dir='ltr'>esse,</span> <span class='ocrx_word' id='word_1_109' title='bbox 903 3129 991 3211; x_wconf 89' lang='lat' dir='ltr'>quod</span> <span class='ocrx_word' id='word_1_110' title='bbox 1008 3141 1056 3192; x_wconf 88' lang='lat' dir='ltr'>est</span> <span class='ocrx_word' id='word_1_111' title='bbox 1076 3127 1136 3192; x_wconf 89' lang='lat' dir='ltr'>im·-</span> 
     </span>
     <span class='ocr_line' id='line_1_20' title="bbox 132 3231 1137 3318; baseline -0.006 -20"><span class='ocrx_word' id='word_1_112' title='bbox 132 3233 286 3318; x_wconf 88' lang='lat' dir='ltr'>possibile</span> <span class='ocrx_word' id='word_1_113' title='bbox 317 3231 362 3312; x_wconf 37' lang='grc' dir='ltr'>ᾖ).</span> <span class='ocrx_word' id='word_1_114' title='bbox 428 3235 467 3296; x_wconf 94' lang='lat' dir='ltr'>In</span> <span class='ocrx_word' id='word_1_115' title='bbox 494 3234 624 3298; x_wconf 85' lang='lat' dir='ltr'>materia</span> <span class='ocrx_word' id='word_1_116' title='bbox 655 3255 735 3298; x_wconf 85' lang='lat' dir='ltr'>vero</span> <span class='ocrx_word' id='word_1_117' title='bbox 770 3232 906 3316; x_wconf 84' lang='lat' dir='ltr'>ancipite</span> <span class='ocrx_word' id='word_1_118' title='bbox 931 3252 997 3296; x_wconf 91' lang='lat' dir='ltr'>non</span> <span class='ocrx_word' id='word_1_119' title='bbox 1024 3233 1137 3294; x_wconf 88' lang='lat' dir='ltr'>eodem</span> 
     </span>
     <span class='ocr_line' id='line_1_21' title="bbox 132 3327 1136 3421; baseline -0.003 -21"><span class='ocrx_word' id='word_1_120' title='bbox 132 3340 230 3402; x_wconf 88' lang='lat' dir='ltr'>modo</span> <span class='ocrx_word' id='word_1_121' title='bbox 249 3337 368 3401; x_wconf 83' lang='lat' dir='ltr'>hahere</span> <span class='ocrx_word' id='word_1_122' title='bbox 392 3357 427 3400; x_wconf 91' lang='lat' dir='ltr'>se</span> <span class='ocrx_word' id='word_1_123' title='bbox 450 3337 525 3401; x_wconf 86' lang='lat' dir='ltr'>dicit</span> <span class='ocrx_word' id='word_1_124' title='bbox 553 3327 710 3403; x_wconf 85' lang='lat' dir='ltr'>enuntiata</span> <span class='ocrx_word' id='word_1_125' title='bbox 731 3337 845 3421; x_wconf 84' lang='lat' dir='ltr'>quovis</span> <span class='ocrx_word' id='word_1_126' title='bbox 868 3347 969 3399; x_wconf 85' lang='lat' dir='ltr'>sumta</span> <span class='ocrx_word' id='word_1_127' title='bbox 990 3346 1136 3416; x_wconf 84' lang='lat' dir='ltr'>tempore</span> 
     </span>
     <span class='ocr_line' id='line_1_22' title="bbox 132 3437 1135 3523; baseline -0.004 -19"><span class='ocrx_word' id='word_1_128' title='bbox 132 3441 164 3504; x_wconf 94' lang='lat' dir='ltr'>in</span> <span class='ocrx_word' id='word_1_129' title='bbox 184 3439 359 3504; x_wconf 80' lang='lat' dir='ltr'>differentia</span> <span class='ocrx_word' id='word_1_130' title='bbox 377 3440 448 3504; x_wconf 85' lang='lat' dir='ltr'>veri</span> <span class='ocrx_word' id='word_1_131' title='bbox 465 3453 496 3504; x_wconf 91' lang='lat' dir='ltr'>et</span> <span class='ocrx_word' id='word_1_132' title='bbox 508 3441 593 3506; x_wconf 84' lang='lat' dir='ltr'>falsi.</span> <span class='ocrx_word' id='word_1_133' title='bbox 639 3443 721 3506; x_wconf 86' lang='lat' dir='ltr'>Nam</span> <span class='ocrx_word' id='word_1_134' title='bbox 742 3437 777 3504; x_wconf 68' lang='lat' dir='ltr'>in&#39;</span> <span class='ocrx_word' id='word_1_135' title='bbox 796 3438 968 3523; x_wconf 85' lang='lat' dir='ltr'>praeterito</span> <span class='ocrx_word' id='word_1_136' title='bbox 991 3438 1135 3520; x_wconf 78' lang='lat' dir='ltr'>tempore</span> 
     </span>
     <span class='ocr_line' id='line_1_23' title="bbox 133 3542 1133 3629; baseline -0.003 -23"><span class='ocrx_word' id='word_1_137' title='bbox 133 3565 171 3606; x_wconf 87' lang='lat' dir='ltr'>ae</span> <span class='ocrx_word' id='word_1_138' title='bbox 190 3542 367 3627; x_wconf 86' lang='lat' dir='ltr'>praesenti,</span> <span class='ocrx_word' id='word_1_139' title='bbox 406 3544 523 3629; x_wconf 90' lang='lat' dir='ltr'>quippe</span> <span class='ocrx_word' id='word_1_140' title='bbox 542 3567 613 3610; x_wconf 86' lang='lat' dir='ltr'>enm</span> <span class='ocrx_word' id='word_1_141' title='bbox 641 3546 702 3609; x_wconf 85' lang='lat' dir='ltr'>iam</span> <span class='ocrx_word' id='word_1_142' title='bbox 727 3565 778 3608; x_wconf 88' lang='lat' dir='ltr'>res</span> <span class='ocrx_word' id='word_1_143' title='bbox 802 3545 840 3606; x_wconf 90' lang='lat' dir='ltr'>de</span> <span class='ocrx_word' id='word_1_144' title='bbox 863 3563 925 3626; x_wconf 91' lang='lat' dir='ltr'>qua</span> <span class='ocrx_word' id='word_1_145' title='bbox 946 3562 1051 3604; x_wconf 85' lang='lat' dir='ltr'>sermo</span> <span class='ocrx_word' id='word_1_146' title='bbox 1074 3551 1133 3616; x_wconf 89' lang='lat' dir='ltr'>est,</span> 
     </span>
    </p>
   </div>
   <div class='ocr_carea' id='block_1_9' title="bbox 58 3635 1135 3829">
    <p class='ocr_par' dir='ltr' id='par_1_10' title="bbox 58 3635 1135 3829">
     <span class='ocr_line' id='line_1_24' title="bbox 58 3635 1135 3730; baseline -0.002 -20"><span class='ocrx_word' id='word_1_147' title='bbox 58 3635 60 3640; x_wconf 34' lang='lat'><strong>¹</strong></span> <span class='ocrx_word' id='word_1_148' title='bbox 133 3646 255 3723; x_wconf 86' lang='lat' dir='ltr'>evenit,</span> <span class='ocrx_word' id='word_1_149' title='bbox 280 3659 423 3730; x_wconf 78' lang='lat' dir='ltr'>apertinn</span> <span class='ocrx_word' id='word_1_150' title='bbox 445 3669 514 3712; x_wconf 85' lang='lat' dir='ltr'>esse</span> <span class='ocrx_word' id='word_1_151' title='bbox 536 3650 666 3713; x_wconf 83' lang='lat' dir='ltr'>alteram</span> <span class='ocrx_word' id='word_1_152' title='bbox 684 3651 723 3711; x_wconf 92' lang='lat' dir='ltr'>de</span> <span class='ocrx_word' id='word_1_153' title='bbox 743 3669 779 3711; x_wconf 84' lang='lat' dir='ltr'>re</span> <span class='ocrx_word' id='word_1_154' title='bbox 798 3667 922 3730; x_wconf 84' lang='lat' dir='ltr'>quaque</span> <span class='ocrx_word' id='word_1_155' title='bbox 943 3644 1135 3708; x_wconf 87' lang='lat' dir='ltr'>enuntiatio·</span> 
     </span>
     <span class='ocr_line' id='line_1_25' title="bbox 131 3746 1135 3829; baseline -0.003 -17"><span class='ocrx_word' id='word_1_156' title='bbox 131 3770 203 3814; x_wconf 89' lang='lat' dir='ltr'>nem</span> <span class='ocrx_word' id='word_1_157' title='bbox 228 3770 300 3814; x_wconf 86' lang='lat' dir='ltr'>esse</span> <span class='ocrx_word' id='word_1_158' title='bbox 326 3772 450 3829; x_wconf 87' lang='lat' dir='ltr'>veram,</span> <span class='ocrx_word' id='word_1_159' title='bbox 485 3752 595 3818; x_wconf 82' lang='lat' dir='ltr'>salsam</span> <span class='ocrx_word' id='word_1_160' title='bbox 621 3772 700 3816; x_wconf 85' lang='lat' dir='ltr'>vero</span> <span class='ocrx_word' id='word_1_161' title='bbox 730 3752 871 3815; x_wconf 85' lang='lat' dir='ltr'>alteram.</span> <span class='ocrx_word' id='word_1_162' title='bbox 929 3750 1013 3814; x_wconf 88' lang='lat' dir='ltr'>Nam</span> <span class='ocrx_word' id='word_1_163' title='bbox 1035 3746 1135 3811; x_wconf 87' lang='lat' dir='ltr'>siant</span> 
     </span>
    </p>
   </div>
   <div class='ocr_carea' id='block_1_10' title="bbox 142 3959 1136 4140">
    <p class='ocr_par' dir='ltr' id='par_1_11' title="bbox 142 3959 1136 4140">
     <span class='ocr_line' id='line_1_26' title="bbox 142 3959 1136 4046; baseline -0.013 -19"><span class='ocrx_word' id='word_1_164' title='bbox 142 3970 179 4041; x_wconf 54' lang='lat' dir='ltr'>Ii)</span> <span class='ocrx_word' id='word_1_165' title='bbox 198 3975 254 4028; x_wconf 86' lang='lat' dir='ltr'>Hie</span> <span class='ocrx_word' id='word_1_166' title='bbox 272 3972 385 4027; x_wconf 84' lang='lat' dir='ltr'>demum</span> <span class='ocrx_word' id='word_1_167' title='bbox 398 3959 505 4046; x_wconf 75' lang='lat' dir='ltr'>¹incipit</span> <span class='ocrx_word' id='word_1_168' title='bbox 524 3973 650 4045; x_wconf 83' lang='lat' dir='ltr'>Hugonit</span> <span class='ocrx_word' id='word_1_169' title='bbox 670 3969 763 4024; x_wconf 85' lang='lat' dir='ltr'>Grotii</span> <span class='ocrx_word' id='word_1_170' title='bbox 783 3972 882 4022; x_wconf 83' lang='lat' dir='ltr'>versio.</span> <span class='ocrx_word' id='word_1_171' title='bbox 921 3968 1037 4022; x_wconf 84' lang='lat' dir='ltr'>Initium</span> <span class='ocrx_word' id='word_1_172' title='bbox 1051 3963 1136 4034; x_wconf 61' lang='lat' dir='ltr'>Capi:</span> 
     </span>
     <span class='ocr_line' id='line_1_27' title="bbox 204 4059 1035 4140; baseline -0.011 -18"><span class='ocrx_word' id='word_1_173' title='bbox 204 4073 241 4122; x_wconf 83' lang='lat' dir='ltr'>tis</span> <span class='ocrx_word' id='word_1_174' title='bbox 261 4067 387 4124; x_wconf 84' lang='lat' dir='ltr'>dedimus</span> <span class='ocrx_word' id='word_1_175' title='bbox 407 4086 439 4123; x_wconf 78' lang='lat' dir='ltr'>ex</span> <span class='ocrx_word' id='word_1_176' title='bbox 458 4069 687 4140; x_wconf 82' lang='lat' dir='ltr'>interpretatione</span> <span class='ocrx_word' id='word_1_177' title='bbox 706 4061 822 4119; x_wconf 82' lang='lat' dir='ltr'>editoris</span> <span class='ocrx_word' id='word_1_178' title='bbox 841 4059 1035 4118; x_wconf 81' lang='lat' dir='ltr'>Londinensis.</span> 
     </span>
    </p>
   </div>
   <div class='ocr_carea' id='block_1_11' title="bbox 463 4223 466 4252">
    <p class='ocr_par' dir='ltr' id='par_1_12' title="bbox 463 4223 466 4252">
     <span class='ocr_line' id='line_1_28' title="bbox 463 4223 466 4252; baseline 0 0"><span class='ocrx_word' id='word_1_179' title='bbox 463 4223 466 4252; x_wconf 78' lang='lat' dir='ltr'>i</span> 
     </span>
    </p>
   </div>
   <div class='ocr_carea' id='block_1_12' title="bbox 0 0 1396 4790">
    <p class='ocr_par' dir='ltr' id='par_1_13' title="bbox 0 0 1396 4790">
     <span class='ocr_line' id='line_1_29' title="bbox 0 0 1396 4790; baseline 0 6"><span class='ocrx_word' id='word_1_180' title='bbox 0 0 1396 4790; x_wconf 95' lang='lat' dir='ltr'> </span> 
     </span>
    </p>
   </div>
  </div>
 </body>
</html>
