2782 4790
291 458 350 521 11⁶

291 623 483 751 ἀναγκαίοις
508 648 540 688 τι
564 626 619 689 καὶ
640 621 1003 746 προκαταβεβλημένοις
1021 613 1086 686 ύπό
1109 619 1167 699 τῆς
1192 619 1308 709 έιμαρ-

291 734 388 850 μένης
409 725 527 804 ἀιτίοις
551 727 653 804 έῐναι,
676 717 819 804 δῆλονε
798 750 841 800 ως
855 726 912 790 καὶ
929 727 998 800 τοῖς
1015 716 1206 813 πράσσουσι
1223 723 1306 790 κοιθ

293 829 397 960 ὁρμὴν
417 827 459 898 τά
483 823 551 896 κατ’
579 823 681 894 ἀυτὸν
707 830 767 907 ¹⁶),
795 828 829 892 έν
853 831 922 903 τοῖς
949 825 1160 916 περιεστῶσιν
1188 819 1311 902 ἀιτίοις

293 941 348 1001 καὶ
373 929 474 1010 ἀυτὸς
510 931 602 998 ἔσται
638 932 968 1015 κατηναγκασμένος,
1007 924 1046 997 06
1076 922 1312 1019 περιστήσεται

293 1041 328 1104 δέ
346 1062 446 1115 τοις
437 1029 622 1126 πράττουσι
646 1030 689 1099 τά
710 1029 756 1120 μὴ
782 1055 846 1098 κατ
878 1027 980 1099 ἀυτύν
1005 1034 1058 1114 ¹9).
1106 1031 1146 1096 Οἱ
1170 1035 1206 1097 δέ
1228 1024 1312 1096 ταύ-

292 1165 351 1223 την
371 1139 430 1206 τοῦ
447 1133 493 1226 μὴ
511 1131 671 1227 πράσσειν
691 1133 736 1201 τά
753 1131 840 1201 κατά
864 1130 941 1213 τούς
961 1129 1084 1224 νόμους
1104 1133 1230 1222 ἔχοντες
1252 1130 1315 1215 τὴν

295 1243 424 1323 ἀιτίαν,
446 1233 612 1332 πρόδηλον
634 1233 677 1316 ὡς
695 1233 755 1304 ούκ
775 1234 1313 1359 άνιγιέγοιντο(πωςγαρα”ξιοι;)

294 1344 332 1412 τὸ
357 1348 438 1432 γοῦν
465 1343 561 1424 2⁰)
545 1367 578 1408 εν
605 1345 676 1418 τοῖς
696 1342 888 1432 περιεστῶσι
913 1365 976 1406 κατ
1014 1336 1159 1462 ἀνάγκην
1180 1335 1313 1420 άιτιοις,

295 1444 346 1526 ὁῐς
365 1443 411 1536 μι)
431 1449 575 1514 ἕπεσθαι
597 1438 718 1510 καθΗ
702 1440 807 1536 ορμὴν
828 1439 888 1531 οὐχ
906 1437 1034 1523 ύῐύντε,
1056 1438 1116 1510 οὐκ
1132 1430 1173 1526 66
1195 1444 1316 1510 ἐκτῶν

295 1543 404 1638 νόμων
425 1544 538 1629 ἀιτία,
560 1572 623 1614 κατ
656 1539 801 1633 ἀνάγκην
829 1541 980 1614 τινὰκαὶ
1005 1547 1201 1667 έιμαρμένιγν
1226 1571 1316 1667 παρ-

296 1656 379 1720 εῖναι
398 1653 608 1737 κεκωλυμένη.
668 1644 815 1715 Ἀλλά
797 1644 904 1727 ούτως
928 1673 963 1736 γε
986 1641 1102 1717 066³
1080 1673 1121 1716 αν
1141 1643 1244 1735 νόμος
1268 1648 1316 1716 ἔτι

297 1757 363 1837 ε’ίη,
392 1753 471 1841 ἔχων
493 1753 608 1842 καίπερ
626 1755 791 1841 θεμένους
813 1746 915 1819 ἀυτὸν
937 1747 1003 1835 2¹),
1037 1753 1099 1839 έίγε
1121 1748 1185 1843 χρὴ
1205 1747 1316 1844 τούτῳ

296 1858 487 1925 πείθεσθαι
514 1857 618 1941 λέγειν
643 1856 677 1936 ἐξ
702 1849 846 1941 ἀνάγκης
869 1857 1066 1942 ἑπομένους,
1094 1859 1148 1920 καὶ
1170 1849 1251 1932 τούς
1271 1851 1317 1940 μὴ

296 1952 610 2046 πειθομένουςύπὸ
633 1950 777 2043 ἀνάγκης
804 1953 894 2036 τινὸς
918 1958 1110 2026 πείθεσθαι
1135 1961 1318 2046 κεκωλυμέ·

294 2088 388 2140 νους,
425 2051 507 2127 ὥστε
538 2055 620 2127 πολύ
653 2056 694 2126 ίίν
725 2055 954 2152 ἀληθέστερον
983 2062 1030 2142 ε’ίη
1057 2063 1314 2148 συνειλημμένον

296 2162 355 2231 τὸ·
373 2160 463 2231 ”Ἐι
445 2186 515 2229 εστι
531 2154 670 2242 τοιαύτη
685 2161 883 2280 έιμαρμένη,
906 2157 965 2228 ούκ
988 2160 1058 2228 ἔστι
1077 2157 1196 2250 νόμος,
1219 2158 1318 2231 ἀναι-

298 2269 518 2360 ρουμένουέ
482 2266 518 2329 66
542 2258 664 2350 νόμον,
686 2268 743 2329 καὶ
763 2260 822 2330 σύν
841 2258 931 2330 ἀυτῶ
949 2259 1187 2356 άμαρτήματύς
1206 2290 1242 2333 τε
1262 2270 1317 2333 καλ

298 2362 584 2459 κατορθώματος,
617 2360 774 2457 ἀναιροῐτ
806 2362 847 2434 66
872 2333 933 2446 (τίς
959 2373 1015 2434 καὶ
1043 2363 1139 2435 ἀυτοὶ
1171 2364 1229 2435 ὁιά
1259 2369 1318 2452 τῆς

299 2466 510 2546 ἀκολουθίας
530 2462 779 2592 ἐλάμβανον
739 2493 797 2550 της
821 2465 908 2536 κατά
927 2467 984 2537 τὸν
1003 2466 1063 2558 λύγ
1065 2468 1177 2553 06‚)'
1158 2466 1261 2562 αρετὴ
1284 2497 1318 2539 τε

299 2579 355 2641 καλ
380 2571 506 2652 κακία,
531 2575 587 2672 καὶ
614 2567 653 2636 τὸ
680 2571 762 2637 έῑναί
787 2596 819 2637 τι
845 2573 878 2640 έν
900 2568 1137 2664 ἀνθρώποις’
1117 2570 1264 2665 αισχρύν
1283 2601 1317 2642 τε

300 2682 356 2744 καὶ
378 2669 496 2754 καλὸν,
517 2678 573 2740 καὶ
593 2668 762 2741 ἐπαινετόν
782 2697 816 2740 τε
838 2679 894 2742 καὶ
913 2672 1058 2769 ψεκτὸν,
1080 2683 1136 2744 καὶ
1156 2680 1257 2766 τιμῆς
1283 2705 1317 2746 τε

301 2784 357 2846 καὶ
388 2771 555 2860 κολάσεως
582 2772 685 2857 ἀξιον.
742 2772 893 2844 ούὃέ”ν
870 2804 938 2870 αρα
966 2782 1054 2865 μένει
1078 2781 1138 2847 τοῦ
1162 2775 1228 2858 ὑπὸ
1258 2784 1318 2849 τοῦ

301 2877 385 2970 μετά
403 2873 567 2960 τοσαύτης
582 2882 694 2967 τέχνης
711 2874 919 3004 ι’γρωτημένου
933 2877 1034 2970 λόγου
1050 2885 1319 2973 κατασκευασμέ-

303 3009 363 3052 νου
385 2984 441 3065 22).
480 2977 729 3064 Ἀκολουθήσω
751 3007 785 3048 τε
806 2979 920 3063 ἀυτοῐς
940 2981 1127 3106 ἀρξαμένων
1150 2981 1318 3068 κάτωθεν,

304 3078 558 3166 ἀκολουθία,
544 3109 585 3166 ην
612 3088 757 3153 ἕπεσθαι
785 3088 916 3173 λέγουσι
940 3093 1010 3167 τοῖς
1033 3085 1179 3180 ἀναιρεῖν
1200 3116 1320 3184 πειρω-

302 3192 416 3276 μένοις
433 3183 471 3255 τὸ
497 3181 546 3280 έφ
571 3182 648 3306 ἡμῖν
671 3189 771 3267 έῖναι,
793 3183 837 3266 ὡς
859 3183 954 3257 ἀυτοὶ
972 3193 1144 3282 τηροῦντες
1166 3188 1255 3275 23)
1238 3219 1320 3283 ομο

304 3285 550 3378 λογουμένως
530 3285 631 3370 αυτὸ,
664 3285 772 3356 διά
739 3314 777 3355 το
800 3288 996 3384 προβάλλειν
1021 3291 1179 3374 ἀλλοις’
1159 3301 1321 3389 ἀφαιρεῖν

304 3389 402 3512 ἀντί.
413 3385 480 3475 26),
528 3392 573 3484 τῷ
604 3387 650 3480 μὴ
680 3394 786 3459 δοκεῖν
792 3391 1001 3520 ἕγεσθαι
989 3391 1009 3464 6
1041 3404 1098 3464 καὶ
1127 3395 1321 3491 διαφεύγειν

304 3489 471 3582 ἡγοῦνται
491 3493 549 3574 26).
587 3489 639 3560 'Et
665 3490 729 3584 γάρ
756 3490 801 3582 μή
826 3499 890 3565 εἰσι
913 3504 1022 3586 τιμαὶ,
1056 3505 1138 3590 μηδὲ
1166 3498 1322 3582 κολάσεις

305 3593 432 3664 ⁰666''
414 3621 559 3678 επαινοι,
603 3591 678 3664 0666
664 3595 829 3688 ὲιγύγοι,
866 3602 894 3666 έι
926 3605 961 3668 δέ
947 3599 1038 3691 έμι)
1068 3607 1198 3687 ταῦτα,
1243 3602 1320 3673 0666

306 3692 560 3791 κατορθώματά
581 3723 615 3766 τε
640 3705 695 3766 κάὶ
724 3697 965 3795 ἁμαρτήματα,
1002 3709 1030 3773 έι
1056 3711 1090 3774 δὲ
1076 3705 1181 3836 ὲμι)
1193 3711 1321 3789 ταῦτα,

305 3909 397 3972 θεοι.
446 3898 552 3972 Ἀλλά
579 3902 644 3994 μὴν
670 3903 880 3998 τὸπρῶτον,
915 3908 954 3977 τὸ
979 3909 1024 3998 μὴ
1052 3915 1136 3982 έιναι
1159 3909 1242 4002 μήτε
1270 3941 1321 3982 τι-

304 4004 371 4094 μάς
400 4005 451 4091 6)
487 4003 569 4094 μήτε
600 4002 752 4088 κολάσεις
786 4013 897 4080 ἕπεται
934 4016 980 4081 τά
1014 4009 1123 4084 πάντα
1158 4019 1321 4104 γίνεσθαι
