2782 4790
246 423 307 486 152

240 589 261 674 ἢ
285 590 452 680 τοιοῦτον,
489 583 560 656 ὁῖον
585 593 640 654 καὶ
665 584 976 676 παραβαίνεσθαι,
998 589 1052 649 καὶ
1077 578 1123 670 μὴ
1147 575 1293 662 πάντη

241 691 280 762 τὸ
303 689 484 778 άναγκαῐον
510 691 592 780 ἐχειν
616 692 650 757 ἐν
674 685 767 786 άντῆ.
806 684 869 754 Ἐκ
896 695 957 774 μὲν
981 683 1039 752 ὀῦν
1064 687 1103 755 τί
1093 711 1122 766 ς
1145 685 1259 765 κοινῆς

241 798 305 864 τῶν
333 790 522 886 ἀνθρώπων
561 798 634 880 περὶ
668 763 746 859 τάδί
782 793 918 881 κρίσεως
947 785 1162 908 ονὸίτερογ’
1144 811 1259 874 εχομεν

241 899 383 1018 βεβαίως
404 893 528 966 τούτων
549 891 738 1016 τιθεμενον.
791 899 883 960 Ποιέ
901 900 961 980 μὲν
980 889 1045 982 γάρ
1070 887 1109 956 τὸ
1126 892 1189 976 τῆς
1212 892 1257 956 ἐι-

241 997 408 1092 μυρμὲνης
431 995 592 1087 υμνοῦσιν
618 994 660 1077 ὡς
681 994 879 1084 ἀναγκαῖον,
914 1003 993 1064 ποτὲ
979 997 1057 1062 ἐόἑ
1083 989 1121 1059 οὐ
1151 988 1258 1073 πάντη

244 1101 303 1186 τὴν
328 1099 497 1191 συνέχειαν
523 1098 627 1183 άυτὴν
655 1097 846 1168 πιστεύουσι
873 1093 995 1180 σώζειν.
1036 1099 1108 1164 Καὶ
1132 1093 1196 1187 γάρ
1227 1100 1260 1163 οἱ

243 1204 302 1274 διὰ
326 1208 390 1273 τῶν
408 1201 514 1290 λόγων
538 1201 620 1297 ὑπὲρ
652 1201 753 1286 άυτῇς
782 1198 825 1282 ὡς
851 1198 952 1286 ὂύσης
976 1197 1159 1287 ἀναγκαίας
1183 1202 1258 1266 δια-

245 1304 426 1397 τεινόμεναι
455 1303 607 1399 σφόδρα,
640 1313 695 1374 καί
722 1302 831 1374 πάντα
857 1300 1075 1383 ἀνατιθέντες
1100 1300 1183 1398 άντῇ
1195 1356 1203 1384 ,
1226 1303 1260 1369 ἐν

242 1418 312 1491 τοῖς
342 1408 427 1482 κατά
449 1408 508 1478 τὸν
535 1413 610 1498 βίον
631 1406 786 1500 πράξεσιν
811 1404 871 1478 οὐκ
894 1411 1039 1482 ἐοίκασιν
1060 1405 1142 1501 άυτῇ
1163 1431 1259 1478 πεπι-

243 1510 431 1582 στευκέναι·
466 1510 575 1606 ,τύχην
603 1516 683 1599 γοῦν
711 1509 870 1591 πολλάκις
899 1515 1115 1599 ἐπιβοῶνται,
1154 1507 1260 1590 άλλην

211 1615 213 1622 ’
245 1613 483 1704 ὁμολογοῦντες
513 1620 597 1683 ε’ῐναι
628 1611 752 1697 ταύτην
794 1612 904 1685 άιτίαν
942 1617 1001 1698 τῆς
1047 1609 1264 1704 εἰμαρμίνης*

243 1715 331 1785 ἀλλά
362 1724 417 1785 καί
447 1724 517 1798 τοῖς
548 1723 646 1797 θεοῖς
674 1716 713 1786 05
742 1722 966 1787 διαλείπουσιν
995 1714 1180 1806 ἐκχύμενοι,
1217 1713 1261 1795 ὡς

244 1817 427 1909 δυναμένου
453 1819 542 1900 τινὸς
565 1818 615 1888 ὑπ’
654 1818 762 1889 άυτῶν
793 1820 852 1889 διά
883 1820 943 1901 τάς
970 1820 1066 1909 ἐυχάς
1096 1816 1261 1907 γενέσθαι

242 1920 335 2011 παρά
355 1922 415 2006 τὴν
432 1920 645 2014 ἐιμαρμίνην·
683 1922 768 1992 άλλά
789 1933 845 1998 καί
861 1921 1078 2011 βουλεύονται
1101 1930 1174 2014 περὶ
1195 1924 1261 1990 τῶν

244 2022 415 2118 πρακτέων
436 2024 571 2109 άυτοῐς,
600 2030 657 2096 καί
677 2053 732 2101 ,τοι
749 2035 805 2096 καὶ
824 2032 931 2096 ταῦτα
956 2023 1038 2100 καθ’
1062 2021 1261 2118 ίιμαρμίνην

219 2159 222 2164 ·
245 2134 327 2198 ἐῐναι
345 2127 510 2217 λέγοντες,
533 2137 589 2200 καί
606 2129 815 2218 συμβούλους
831 2134 1084 2225 παρακαλοῦσι,
1106 2135 1162 2196 καί
1175 2155 1261 2219 μαν-

244 2234 346 2312 τείαις
368 2230 426 2300 ούκ
449 2230 583 2301 ὀκνοῦσι
601 2237 773 2323 χρῆσθαι,
803 2231 847 2316 ὡς
865 2233 936 2303 ἐνὸν
961 2231 1091 2318 άυτοῖς,
1111 2236 1156 2299 ’ἐι
1177 2259 1261 2324 προ-

244 2331 393 2422 μάθοιεν
418 2336 481 2417 ¹5),
518 2333 741 2430 φυλάξασθαί
770 2363 802 2407 τι
829 2341 893 2406 τῶν
922 2334 1133 2428 ἑιμαρμίνωυ.
1171 2333 1261 2404 Ἐπεί

248 2441 283 2505 δὲ
309 2434 403 2506 ὁῦτοι
423 2445 483 2525 μὲν
501 2435 615 2518 άυτοῖς
632 2442 863 2532 περιπίπτουσι
881 2449 953 2533 περὶ
971 2440 1013 2508 τά
1029 2437 1170 2528 μέγιστα
1192 2468 1261 2534 (μα-

244 2543 343 2632 νερῶς
373 2537 477 2622 ὁύτως
505 2545 690 2636 διαφωνίαν
719 2544 844 2633 ἔχοντες
876 2540 1151 2625 (άπιθανώταται
1180 2545 1262 2630 γοῦν

248 2648 332 2713 ἐισιν
362 2641 469 2714 άυτῶν
491 2650 527 2712 αἱ
554 2644 638 2738 πρὸς
659 2644 718 2729 τὴν
738 2644 862 2720 τούτων
884 2649 1077 2748 συμιγωνίαν
1097 2649 1262 2738 ίνρεσιλο-

244 2749 331 2835 γίαι)
354 2750 444 2814 δοκεῖ
466 2751 548 2815 δὲ
533 2773 566 2816 εν
593 2755 662 2828 τοῖς
691 2754 723 2818 ἐν
756 2755 877 2837 γενέσει
902 2757 957 2817 καὶ
987 2751 1111 2844 φθοριι
1140 2776 1196 2832 και
1222 2753 1261 2816 τὸ

247 2845 489 2972 ἐνδεχόμενον
474 2857 574 2935 εἶναι,
596 2847 615 2918 5
637 2877 695 2920 του
683 2856 814 2941 μηδὲν
832 2850 1017 2940 ἀναγκαίως
1032 2858 1064 2920 ἐν
1083 2849 1214 2932 τούτοις
1229 2856 1262 2920 ἐν

247 2949 297 3032 ὁῑς
319 2949 360 3020 άν
381 2981 419 3048 5,
442 2953 666 3082 γίγνεσθαι’
647 2953 753 3025 ιιίτιόν
776 2983 883 3040 εστιν,
904 2955 996 3039 ἄξιον
1018 2959 1105 3024 ἐστὶν
1130 2957 1263 3078 ἐπιστῐγ-

244 3079 302 3124 σαι
315 3063 388 3146 περὶ
410 3053 561 3140 τοῦδε,
545 3087 572 3126 ει
585 3084 620 3126 τε
642 3063 731 3136 ἐστιν
747 3062 773 3128 ἐί
796 3085 831 3127 τε
852 3056 909 3148 μή.
934 3056 1054 3144 (Ἀάτη
1076 3057 1142 3180 γάρ
1158 3056 1178 3142 5
1195 3057 1261 3154 φύ-

249 3183 301 3238 σις
320 3154 501 3252 ὁρισθεῖσα
519 3159 603 3254 πρὸς
617 3161 655 3230 τὸ
670 3160 729 3245 τὴν
743 3167 801 3246 τῆς
818 3160 1013 3256 ἐιμαρμίνης
1027 3163 1143 3231 οὐσίαν
1158 3167 1264 3255 εὐρεῐν

246 3258 324 3382 5555
342 3260 384 3328 τά
400 3261 541 3351 μέγιστα
559 3262 814 3386 συμβάλλεται).
832 3263 946 3350 Ἱκανὴ
961 3264 1051 3355 μὲν
1036 3271 1093 3335 οῦν
1108 3262 1128 3348 5
1144 3293 1208 3358 χρη
1198 3291 1264 3350 γσις

247 3361 268 3447 5
295 3363 388 3449 κοινὴ
410 3369 574 3450 συστῆσαι
598 3366 657 3450 τὴν
685 3366 891 3458 ἐνδεχομενην
917 3368 1034 3464 φύσιν
1068 3368 1172 3448 οὐδεὶς
1196 3371 1263 3461 γάρ

249 3464 324 3534 οὐδὲ
310 3471 410 3537 ἐτῶν
429 3468 502 3551 ἐξ
481 3468 626 3557 ανάγκης
644 3467 752 3539 πάντα
777 3477 993 3560 γίγνεσθαι)
991 3471 1139 3562 εγόντων
1160 3476 1194 3540 ἐν
1216 3484 1265 3566 τῷ

248 3572 303 3665 ζῇν
334 3577 389 3638 καί
422 3579 496 3652 ταῖς
524 3573 610 3640 κατά
637 3577 712 3661 βίον
745 3578 919 3667 ἐνεργείαις
955 3575 992 3644 οὐ
1021 3583 1188 3669 μαρτυρεῖ
1216 3543 1264 3669 τά]

245 3669 419 3793 δύνασθαι
442 3700 518 3744 τινα
536 3683 592 3743 καί
618 3679 681 3802 τῶν
704 3684 899 3766 γιγνομὲνων
919 3678 964 3767 μὴ
986 3682 1182 3770 γίγνεσθαι,
1207 3687 1265 3748 καὶ

246 3874 333 3971 λόγῳ
351 3882 452 3948 τούτο
474 3883 577 3964 δεῖξαι
595 3880 721 3974 ρρίὸιον.
764 3890 834 3952 Πολ
831 3883 883 3953 λά
904 3884 968 3977 γάρ
989 3889 1052 3954 τῶν
1065 3883 1265 3974 γιγνομὲνων

246 3980 373 4070 τὰμὲν
399 3979 465 4054 άπὸ
488 3980 605 4080 τύχης,
631 3995 729 4056 τα
695 3983 771 4055 5
751 3985 817 4061 απὸ
848 3984 1057 4080 τάυτομάτου
1082 3992 1264 4076 γίγνεσθαι
