2758 4790
251 1010 599 1109 sumnum
655 1002 1005 1138 u‘nnmmn

343 1199 706 1293 Commentationis
742 1223 912 1268 summa..

523 1401 741 1431 ‘'W-‘ff

149 1533 182 1597 l.
214 1529 406 1615 Explicstar
425 1531 569 1617 quaestio
589 1531 777 1616 proposita,
817 1531 938 1598 scilicet
959 1551 999 1597 an
1021 1533 1131 1598 Erun-

213 1635 307 1701 ciatio
336 1637 374 1700 de
402 1635 512 1702 futtuo
541 1636 739 1725 contingenti
766 1636 807 1702 sit
832 1637 958 1703 definite
981 1654 1059 1702 vera
1079 1637 1132 1700 vel

211 1738 305 1804 falsa.
586 1727 590 1742 ⁸
1010 1781 1017 1796 ·

150 1843 184 1907 2.
215 1841 419 1925 Quaestionis
439 1842 532 1908 huius
552 1843 718 1910 utilitatem
737 1843 772 1909 in
786 1863 895 1910 omnes
909 1843 1132 1928 philosophiae

133 1965 139 1980 ·
214 1957 321 2029 partes
343 1957 375 2011 et
397 1949 437 2011 ad
458 1969 583 2012 omnem
604 1947 702 2012 vitam
722 1948 913 2012 redundare.

151 2050 185 2114 3.
215 2050 415 2136 Argumenta
435 2073 497 2134 pro
518 2050 606 2121 fatali
626 2051 813 2116 necessitate
827 2051 910 2128 duu;
931 2071 1029 2116 unum
1043 2052 1134 2138 loys-

215 2148 379 2246 κώτερον.
398 2154 449 2218 cui
469 2154 562 2220 facile
583 2155 776 2221 occurritur.

152 2257 186 2321 t.
215 2259 362 2323 Alterum
383 2260 649 2350 npaypctescilcc
670 2271 702 2324 et
730 2256 897 2323 difficilius.
950 2257 1035 2322 Nam
1063 2279 1135 2322 cum

218 2361 324 2428 divina
343 2361 545 2446 providentia
564 2362 769 2430 minutissima
790 2360 921 2447 quaevis
942 2373 1099 2440 sectetur,

152 2466 187 2531 5.
215 2467 292 2531 Non
320 2466 472 2550 competit
497 2465 572 2531 Deo
601 2462 772 2551 quidquam
800 2468 840 2529 ab
869 2485 910 2529 eo
937 2465 1054 2530 nesciri
1083 2465 1135 2530 vel

217 2569 375 2635 indefinito
396 2569 490 2637 sciri:
521 2570 646 2636 definite
666 2569 787 2656 igitur;
809 2567 933 2634 tollitur
954 2590 1035 2655 ergo
1057 2591 1136 2634 con·

216 2673 356 2761 tingens.

153 2775 197 2840 6.·
217 2777 437 2861 Responditur
452 2777 558 2844 Deum
580 2777 806 2845 excellentiore
826 2777 925 2843 modo
946 2797 998 2842 res
1019 2773 1135 2841 intelli-

220 2901 298 2966 gere
333 2902 428 2964 quam
455 2893 503 2945 est
529 2881 670 2964 ipsarum
690 2903 798 2945 rerum
818 2892 944 2944 namma.
999 2879 1134 2946 Contin-

220 2981 325 3070 gentia
346 2983 469 3068 itaque,
498 2995 569 3047 utut
590 2983 716 3047 definite
737 2983 970 3067 praesciantur,
994 3004 1063 3048 esse
1085 2995 1135 3049 ta-

219 3107 290 3149 men
312 3085 538 3173 contingentia.
629 3161 631 3166 ¹
894 3075 896 3082 ’

158 3191 192 3252 7.
222 3188 337 3253 Obiter
367 3189 577 3278 ambiguitatis
613 3190 817 3256 traculorum
852 3187 972 3272 duplex
1006 3189 1137 3256 affertur
1235 3181 1237 3186 ⁵

221 3289 317 3355 ratio.

160 3399 193 3460 8.
223 3394 394 3477 Quaeritur
414 3407 595 3478 postremo,
633 3410 737 3462 utrum
762 3397 843 3461 haec
861 3396 931 3480 ipsa
953 3395 1136 3479 opinionum

133 3509 140 3520 '
224 3503 264 3564 de
277 3501 360 3564 Fato
382 3497 557 3564 differentia
579 3501 694 3566 rFato
715 3499 930 3584 processerit,
954 3499 1040 3585 atqui
1054 3501 1137 3566 Fato

127 3592 131 3602 ’
223 3624 282 3666 nos
304 3613 414 3667 contra
436 3603 549 3667 Fatum
570 3605 680 3690 urgeri
701 3599 833 3691 ἄλογον.
875 3605 963 3668 Non·
978 3613 1049 3668 sunt
1077 3603 1137 3689 igi-

224 3717 276 3769 tur
298 3707 401 3772 omnia
423 3727 463 3770 ex
485 3706 581 3772 Fato.

460 3923 813 3950 m
