2758 4790
263 410 325 474 660
1112 441 1119 467 ι

262 583 364 666 λέγειν
394 577 566 672 φαίνεται,
607 571 818 662 ἆτιμαστὲος)
851 578 1021 644 κινεῖσθαι
1042 579 1100 666 μέν
1129 602 1178 645 τοι
1205 586 1255 647 καὶ

262 678 345 749 άυτό
367 679 405 748 τὸ
424 683 456 748 ἰν
472 675 551 767 ἡμῖν
572 677 681 744 κινοῦν
703 673 767 745 ῦπό
790 702 823 746 τε
844 680 907 746 τῶν
932 679 1055 761 ἐξωθεν
1074 677 1135 772 ἤδη
1158 689 1268 772 περιΐω

262 787 430 871 σταμίνων
454 777 542 872 ἡμᾶς
564 775 786 872 πραγμάτων,
823 786 879 848 καὶ
908 779 948 864 δὴ
976 789 1031 850 καὶ
1058 785 1119 850 τοῦ
1148 785 1255 864 δείου,

264 884 393 954 ἐπειδάν
421 878 492 950 όῖόν
527 908 560 949 τε
593 885 742 970 γίγνηται
779 883 836 965 τῆς
875 886 975 964 θείας
1011 881 1184 972 ἐξηγήσεως
1216 885 1257 974 μὴ

263 987 522 1057 ἀπολείπεσθαι·
565 993 621 1053 καὶ
656 981 741 1054 τοῦτ’
779 988 863 1054 ἐῖναι
897 985 935 1054 τὸ
972 990 1120 1081 φρονοῦν
1154 985 1259 1079 ἡμῶν,

263 1089 407 1180 δόγμασι
429 1097 498 1167 τοῖς
519 1089 625 1180 ἑαυτῷ
646 1089 769 1172 ἔξωθεν
787 1091 1005 1178 ε’γγινομένοις
1019 1088 1057 1158 τὸ
1080 1089 1194 1160 λοιπὸν
1208 1093 1261 1174 τῆς

262 1195 372 1290 φυχῆς
394 1189 598 1274 κινοῦν·,τιίν
619 1218 653 1259 τε
674 1186 833 1278 βούλησιν
854 1198 911 1260 καὶ
929 1189 1034 1282 ὁρμὴν
1051 1199 1108 1262 καὶ
1129 1191 1171 1261 τά
1192 1191 1260 1262 τοῦ-

261 1321 333 1366 τοιν
358 1291 401 1364 άῦ
424 1291 564 1385 ἑπόμενα
595 1291 711 1378 πάθη,
744 1290 865 1416 γαράν
875 1319 909 1363 τε
937 1295 1030 1379 δὴ
996 1322 1055 1380 την
1081 1299 1192 1381 ἔνδον,
1226 1293 1261 1364 οῦ

261 1399 322 1485 τὴν
350 1396 389 1468 δι
423 1395 636 1481 άιοθήσεως,
673 1404 729 1466 καὶ
748 1393 982 1486 άγανοίκτησιν
1007 1395 1178 1484 ὡςαῦτως,
1212 1407 1262 1466 καλ

263 1505 395 1586 ἐλπίδα,
425 1509 480 1570 καὶ
502 1505 575 1581 δέος
596 1508 651 1568 καὶ
676 1503 881 1590 ἐπιθυμίαν,
913 1509 969 1569 καὶ
989 1491 1124 1592 θυμὸν,
1151 1510 1206 1572 καί
1226 1499 1262 1584 δὴ

262 1605 354 1700 παρὰ
387 1607 494 1672 ταῦτα
522 1609 576 1672 καὶ
604 1629 664 1686 την
635 1605 896 1728 ηφαντασίοιν·
928 1608 1034 1673 ταῦτα
1065 1603 1132 1698 γάρ
1163 1609 1262 1688 ἐστιν,

262 1706 286 1779 ῦί
310 1706 349 1776 τὸ
372 1709 518 1804 φρονοῦν
546 1702 636 1794 ἡμῶν
660 1713 756 1789 κινεῖ,
788 1713 845 1775 καὶ
870 1695 973 1834 ὦνπερ
1000 1707 1110 1801 άρχει,
1146 1709 1262 1792 ἔξωθεν

262 1810 345 1882 ολυτὸ
375 1807 573 1898 κινούμενον.
622 1812 737 1879 Ταῦτα
765 1815 821 1878 καὶ
847 1807 891 1878 τά
917 1808 967 1904 ἐφ’
996 1807 1091 1936 ,ημῖν
1112 1808 1262 1881 εκάλεσαν

263 1923 295 1986 οὶ
323 1917 490 1996 Στωϊκοὶ,
533 1904 590 1980 άτε
619 1915 670 1980 ἐπὶ
705 1915 750 2006 τῷ
774 1909 964 2006 κυριωτάτου
994 1913 1076 1982 ὄντα
1098 1917 1165 2009 τῷ
1183 1941 1262 2040 φρο

262 2019 383 2089 νοῦντι.
420 2012 523 2086 Αυτο
542 2014 642 2084 δὲτὸ
664 2019 811 2138 φρονοῦν
828 2013 917 2104 ἡμῶν
939 2014 1047 2086 οῦκέτι
1073 2017 1135 2089 οῦν
1152 2021 1202 2088 ἐπί
1220 2045 1261 2114 τῳ

262 2119 352 2214 άλλῳ
374 2122 437 2188 τῶν
455 2113 637 2246 ἡμετέρων,
671 2116 736 2187 οῦτ
757 2117 840 2188 άυτῦ
858 2116 908 2240 ἐφ
925 2121 1033 2213 ίαυτῷ
1050 2123 1155 2193 ἐστίν.Ι
1197 2089 1259 2190 666³

260 2222 326 2293 ῦπό
343 2220 467 2291 τούτων
489 2228 520 2292 οί
535 2249 574 2305 τι
564 2249 658 2310 νγε
646 2226 841 2314 ἑιμαρμὲνην
862 2219 955 2290 ὁῦτοι
969 2219 1000 2270 ¹⁴
1009 2222 1078 2308 a)
1055 2228 1262 2319 αναιροῦντες

263 2322 534 2413 συνελαυνόμενοι
559 2327 623 2393 τῶν
644 2321 765 2414 λόγων,
807 2321 852 2394 ἐπ’
876 2327 996 2410 ἐκείνην
1019 2326 1260 2424 καταφεύγουσι

263 2428 322 2514 τὴν
350 2425 549 2517 άπολογίαν,
596 2424 796 2524 φάσκοντες,
832 2435 887 2496 καὶ
917 2428 971 2498 τῦ
992 2436 1139 2524 φρονοῦν
1168 2434 1260 2500 τοῦτο

262 2529 353 2622 ἡμῶν
381 2533 432 2600 ε’πὶ
457 2532 496 2628 τῇ
514 2528 672 2620 βουλήσει
692 2529 783 2621 ἡμῶν
808 2533 911 2614 ε’ῖναι,
944 2534 1007 2622 ἒίγε
1018 2587 1027 2617 ,
1059 2531 1101 2618 ἢν
1118 2539 1260 2625 ἐπιμελη-

262 2639 372 2720 θῆναι
397 2659 431 2704 τε
457 2632 560 2704 ἄντοῦ
586 2641 643 2702 καλ
668 2631 812 2718 ἀσκῆσαι
832 2637 1070 2725 βουληθῶμεν,
1091 2645 1155 2707 ,καὶ
1184 2632 1260 2705 άυιό

263 2741 457 2826 ἐπιδίδωσιν.
501 2734 609 2806 Ἀλλά
634 2744 689 2806 καὶ
714 2740 812 2805 τοῦτο
841 2735 940 2822 δόξαν
964 2737 1039 2809 τινά
1066 2738 1262 2832 ἡγήσασθαι

223 2879 224 2886 1
262 2846 327 2928 δεῖ,
362 2839 422 2924 τὴν
449 2841 514 2909 τοῦ
532 2837 578 2931 ρίς
603 2843 794 2932 ἐπιμελητὲα
822 2837 864 2909 τά
891 2838 995 2912 άυτοῦ
1024 2853 1078 2914 καὶ
1109 2843 1261 2930 ἇοκητὲα,

261 2935 302 3028 ἧς
322 2941 368 3028 μὴ
391 2940 551 3037 πρότερον
575 2947 780 3032 ἕγγεγονυῖας
800 2945 846 3038 τῷ
868 2941 1045 3041 φρονοῦντι
1068 2945 1162 3038 ἡμῶν
1169 3001 1178 3032 ,
1199 2939 1263 3017 οῦδ

263 3045 305 3117 ῦίν
327 3049 570 3137 ἐπιμεληθῆναί
595 3073 628 3115 τε
653 3044 757 3115 άυτοῦ
778 3044 843 3116 ὁῖοί
865 3075 899 3117 τε
920 3047 989 3118 ποτ’
1016 3053 1124 3142 ἐίημεν
1148 3055 1263 3141 βουλη·

163 3236 169 3252 Ι
264 3153 389 3274 δῦναι,
412 3143 488 3230 δίςτε
510 3155 565 3218 καὶ
583 3146 668 3221 ῦῦτω
686 3147 726 3217 τὸ
746 3152 905 3272 φρονοῦν
917 3149 1007 3242 ἡμῶν
1031 3153 1091 3238 τὴν
1110 3153 1214 3244 βουλι
1217 3177 1264 3221 σιν

265 3251 314 3348 ἔφ’
347 3252 445 3322 ἑαυτὸ
477 3257 588 3336 κινεῖν,
628 3249 691 3320 ῦπὸ
722 3257 781 3335 τῆς
812 3252 966 3340 τοιαύτης
994 3255 1078 3326 άυτῦ
1110 3256 1264 3352 πρότερον

264 3361 470 3446 κεκινημένον
490 3353 601 3439 δόξης·
630 3352 697 3425 666
723 3353 781 3424 ὀῦν
801 3356 841 3425 τὸ
865 3355 1095 3446 άυτοκίνητον,
1126 3358 1200 3431 ὀάτε
1226 3355 1265 3426 τά

264 3457 314 3554 ἐφ
343 3457 440 3549 ἡμῖν,
480 3455 596 3553 ὀρθῶς
626 3455 786 3548 λεγόμενα
817 3459 876 3544 τὴν
847 3466 1103 3554 ηειμαρμέυην
1134 3461 1264 3554 ἆναιρεί.

267 3563 412 3645 Δηλοῦσι
444 3565 479 3630 δὲ
512 3567 567 3630 καὶ
602 3567 636 3628 ολ
664 3559 724 3641 τάς
748 3562 861 3654 φωνάς
891 3562 1016 3647 ταῦτας
1044 3571 1171 3661 πρῶτοι
1196 3563 1264 3633 ὀνο·

262 3662 442 3754 μάσαντες,
490 3662 549 3746 τὴν
583 3673 643 3753 μὲν
675 3661 839 3750 Πλάτων,
878 3666 938 3751 τὴν
966 3673 1002 3738 δὲ
1038 3676 1070 3738 οἱ
1105 3667 1262 3738 Στωίκοί·

264 3765 304 3835 οῦ
335 3767 471 3862 γάρη
431 3765 492 3850 τίην
523 3770 718 3859 ἕιμαρμὲνην
750 3765 977 3862 ἀναιροῦντες,
1024 3769 1111 3841 άλλά
1142 3776 1227 3865 μοί)
1191 3777 1264 3840 λλον

265 3877 321 3937 καὶ
351 3875 522 3959 τιθέμενοι
555 3872 595 3964 τῇ
626 3868 713 3968 δόξη.
774 3873 884 3941 0ίὲ
843 3883 905 3960 μὲν
938 3873 1004 3998 γάρ
1035 3879 1186 3945 Στωϊκοὶ
1212 3879 1263 3944 καὶ

263 3968 580 4068 παρακελεύονται
564 3979 670 4045 εκείυα
690 3973 831 4066 θαμά’
815 3973 946 4066 επάγειν
968 3977 1011 4049 τά
1024 3975 1186 4068 Ιαμβεῑα
