2782 4790
121 611 225 672 dando
248 617 301 672 aut
326 628 390 670 uon
411 609 533 683 dando,
569 618 622 670 aut
645 605 855 690 Aesculapius
880 629 987 670 curam
1021 609 1124 674 nostri

121 712 276 796 gerendo.
321 711 436 773 Ferme
454 730 563 774 omues
582 709 725 772 homiues
743 710 897 792 adipsum
916 719 1121 789 concurrunt,

121 814 175 876 ubi
196 812 485 900 praesentissimum
511 823 559 876 est
582 811 649 874 eius
671 812 842 890 auxilium,
878 836 949 876 cum
968 817 1028 878 hac
1054 817 1126 898 opi·
1188 815 1193 826 '

122 916 214 980 nioue
239 917 311 998 plus
334 936 405 978 euru
424 917 534 979 favere
556 913 600 978 eis
626 914 832 997 properam
860 919 934 981 daut
961 930 996 980 ut
1023 918 1125 1000 ipsum

66 1061 69 1068 «
122 1019 255 1081 habeant
284 1018 344 1082 sibi
371 1017 705 1100 praestitem,i‹1uam
726 1019 762 1082 in
788 1019 821 1081 id
848 1041 979 1103 operam
1011 1022 1125 1086 nullam

122 1121 383 1204 impendentibus.

464 1209 467 1216 '
538 1225 711 1290 xxxin.

183 1330 282 1410 Quod
307 1340 410 1392 autem
432 1327 539 1392 dieunt
568 1327 613 1390 illi
636 1350 692 1392 eos
720 1328 774 1412 quii
795 1351 859 1394 non
888 1339 1017 1412 putant,
1056 1355 1126 1396 cum
1213 1387 1215 1391 .

119 1431 299 1496 defenditur
323 1430 521 1494 animantium
546 1453 587 1494 ex
600 1431 751 1514 appetitu
774 1433 892 1510 motio,
917 1455 956 1498 eo
977 1434 1050 1516 ipso
1071 1438 1124 1498 de·

119 1533 203 1599 tendi
225 1534 259 1597 id
283 1535 371 1616 quod
398 1534 502 1598 estin
519 1547 630 1598 nostra
653 1547 829 1617 potestate,
856 1559 920 1600 nou
946 1537 1124 1602 existimare

119 1635 149 1700 iu
171 1636 384 1720 appetentium
402 1657 470 1700 esse
492 1649 650 1720 potestate
668 1640 761 1701 talem
784 1661 825 1702 ex
846 1640 988 1722 appetitu
1011 1643 1127 1707 motio-

119 1761 205 1816 nem,
242 1752 273 1802 et
298 1751 471 1823 propterea
495 1740 820 1826 interrogant-annon
843 1755 930 1806 actus
952 1745 1007 1807 vel·
1026 1747 1125 1811 motio

119 1842 157 1906 sit
181 1847 270 1926 quod
297 1843 329 1906 iu
355 1855 465 1906 nostra
492 1856 651 1925 potestate
681 1857 749 1922 est,
788 1848 913 1930 hocque
938 1847 1015 1928 ipsis
1050 1871 1126 1913 con·

120 1967 210 2010 cesso
233 1946 347 2010 iterum
381 1944 598 2031 interrogant,
638 1971 742 2012 annon
771 1960 895 2012 actuum
922 1950 973 2013 alii
1002 1964 1127 2016 exstant

119 2071 158 2110 ex
183 2049 394 2132 appetitione,
435 2047 487 2110 alii
509 2053 627 2132 absque
654 2071 708 2133 ea3
741 2073 805 2135 quo
823 2074 976 2116 concesso
998 2076 1123 2118 rursum

121 2155 236 2218 addunt
266 2137 376 2216 eorum
398 2173 479 2236 quae
496 2151 562 2216 siue
586 2153 779 2234 appetitione
796 2154 876 2218 fiunt
902 2156 978 2220 nihil
1001 2178 1070 2220 esse
1094 2158 1126 2220 iu

117 2267 228 2322 nostra
253 2267 433 2337 potestate:
468 2277 532 2338 quo
559 2279 684 2320 rursum
711 2258 804 2335 dato,
837 2261 951 2323 addunt
974 2261 1122 2337 ulterius,

120 2380 211 2430 omne
249 2361 336 2441 quod
362 2358 553 2440 appetitione
583 2360 618 2422 tit
644 2381 716 2423 esse
747 2360 778 2424 iu
814 2374 972 2445 potestate
1007 2364 1138 2428 facien:

120 2462 219 2540 tium,
245 2462 498 2545 qnandoquidem
519 2462 551 2524 id
568 2485 632 2526 nou
651 2463 829 2545 reperiatur
847 2465 879 2527 iu
895 2466 985 2529 aliter
1001 2467 1121 2532 facien·

119 2565 222 2641 tibus,
259 2586 296 2628 ac
316 2563 451 2646 proinde
478 2565 585 2631 dicunt
608 2589 625 2629 a
648 2589 682 2630 se
703 2588 830 2651 quoque
857 2569 980 2631 defendi
1001 2569 1032 2632 in
1054 2583 1123 2633 tau·

19 2665 20 2672 '
118 2680 183 2732 turn
214 2670 303 2754 quod
330 2667 363 2730 in
394 2680 505 2732 nostra
533 2681 692 2750 potestate
721 2681 786 2746 est,
829 2683 978 2754 quantum
1004 2694 1062 2737 uos
1092 2674 1125 2736 id

117 2771 274 2854 possimus
306 2771 413 2840 facere
442 2773 494 2834 vel
522 2794 587 2836 non
612 2774 736 2850 facere,
785 2797 866 2858 quae
897 2776 1076 2840 sulamite
1108 2799 1127 2840 a

118 2876 208 2940 nobis
230 2875 322 2950 fiant,
349 2895 389 2936 ex
414 2873 556 2955 appetitu
581 2876 674 2940 fieri:
698 2899 802 2940 nonne
824 2881 903 2940 haee
925 2879 1028 2942 omnia
1051 2892 1123 2944 sunt

120 2981 217 3061 verba
239 2977 454 3062 ignorantium
483 2989 595 3040 contra
622 2979 697 3061 quid
730 2979 911 3070 disputent?
944 2984 1019 3046 Non
1043 2984 1123 3047 enim

118 3083 143 3144 si
167 3085 211 3146 ob
237 3081 269 3144 id
290 3083 378 3163 quod
400 3082 505 3148 dicunt
529 3082 762 3146 noncediturin
783 3083 820 3146 iis
847 3105 1020 3167 quaecum
1051 3109 1121 3150 mo·

119 3185 203 3258 tinne
230 3207 272 3250 ex
293 3184 433 3268 appetitu
450 3185 546 3260 fiunt,
578 3186 720 3268 conspici
738 3187 771 3248 id
787 3189 875 3270 quod
893 3199 940 3250 est
961 3187 992 3251 iu
1010 3201 1120 3252 nostra

118 3299 302 3371 potestate,
341 3309 381 3351 eo
407 3287 548 3368 sequitur
570 3310 662 3352 omne
681 3289 715 3370 id
734 3293 821 3372 quod
840 3311 880 3352 ex
903 3291 1044 3355 motione
1066 3313 1122 3374 ap*

118 3393 233 3474 petitus
255 3392 312 3467 fit,
343 3398 419 3454 'esse
447 3390 479 3454 in
512 3404 621 3456 nostra
650 3403 822 3474 potestate.
867 3391 927 3455 Illa
951 3393 1033 3456 enim
1055 3396 1124 3460 sota

119 3517 229 3564 eorum
262 3516 342 3577 quae
373 3515 413 3558 ex
440 3493 581 3575 appetitu
613 3495 713 3571 fiunt,
751 3495 783 3558 iu
816 3506 980 3577 potestate·
1012 3509 1121 3562 nostra

120 3610 216 3678 stant,
253 3619 332 3680 quae
354 3597 433 3661 fiunt
455 3619 496 3659 ex
525 3598 666 3679 appetitu
692 3597 824 3662 rationis
846 3596 1012 3680 participe.
1058 3602 1124 3666 ua-

118 3701 211 3766 tionis
233 3711 336 3764 autem
350 3700 508 3782 particeps
528 3701 684 3782 appetitus
708 3702 807 3764 estin
829 3701 866 3764 iis
890 3723 969 3784 quae
995 3707 1123 3772 cousul-

118 3817 183 3866 tant
211 3815 242 3866 et
263 3802 422 3887 deligunt,
452 3803 552 3866 idest
574 3805 745 3879 histrarius,
770 3805 825 3867 ubi
847 3805 882 3872 fit
904 3804 970 3868 istis
991 3828 1122 3888 praece-

120 3907 275 3970 dentibus.
321 3907 403 3968 Nam
429 3907 561 3971 aliorum
591 3907 791 3976 animantium
817 3929 858 3970 ex
882 3908 1024 3990 appetitu
1053 3931 1122 3974 rno-

120 4010 220 4074 tiones
253 4031 317 4073 nou
347 4021 417 4076 saint
447 4008 646 4086 istiusmodi«,
700 4010 773 4093 quia
805 4010 836 4080 in
866 4009 942 4092 ipsis
979 4033 1043 4076 non
1077 4025 1125 4076 est
