2758 4790
253 377 343 470 νἰε,
423 353 426 360 ’

1127 475 1136 503 0

229 562 282 648 Ιεἰ
318 552 402 626 3’''
379 578 555 636 ακονττς,
577 536 755 634 333333‘'
734 573 788 618 οτι
814 544 921 618 ναλ
902 545 954 620 νιῦ
988 540 1133 642 ἀνάγκης
1159 544 1251 630 τινός.

209 709 214 716 -
249 657 374 730 Ἐκιινο
393 662 455 749 μέν
476 683 529 726 τοι
544 649 590 744 μή
615 678 653 722 σι
665 647 927 738 λανθανέτω,
907 678 926 720 ο
946 657 1004 728 καλ
1021 651 1099 736 τοῦς
1118 650 1254 734 πολλοῦς
1332 665 1339 689 ‘

255 759 403 854 λεληθόρ
421 757 561 882 σφόδρα
576 751 750 844 ταράττει,
773 749 817 878 ρὸς
835 746 895 838 ἀνα
914 761 976 846 μέν
992 752 1117 850 τρόπον
1135 750 1254 852 ἀνάγκη

256 871 403 954 λέγεται,
435 855 553 933 καθ’
540 855 581 944 ἠν
600 861 667 928 πᾶν
692 883 724 928 τι
743 875 789 950 μη
776 854 1016 950 ἐνδεχόμενον
1036 856 1147 940 ἀλλοις
1166 864 1257 949 σχεῖν,

256 966 439 1090 ἀναγκαῖον
459 969 602 1060 λέγεται·
629 965 739 1054 ετιρον
760 955 832 1030 3
812 964 856 1033 αῦ
880 958 1003 1056 τρόπον
1028 958 1158 1043 ἰδίως
1139 958 1258 1050 ανάγκη

255 1101 278 1156 η
266 1069 414 1163 “βιά,
398 1061 425 1138 ιὸ
445 1065 557 1189 τρόπρι
579 1070 636 1136 καὶ
657 1058 760 1144 ἀυτὸς
780 1061 926 1136 Πλάτων
943 1067 1082 1159 χρῆται·
1105 1061 1150 1146 ιὸς
1157 1063 1260 1136 ἐν
1217 1089 1260 1157 τη

256 1139 439 1268 Κρατύλῳ·
468 1168 570 1265 ,Ζύῳ
594 1163 719 1264 ὁτῳοῦν
722 1161 920 1267 δεσμὸς,”
894 1195 972 1250 ωςτε
969 1175 1105 1294 ῃμένειν.
1108 1164 1258 1248 ὁπουοῦν,

258 1272 427 1369 »πότερος
442 1269 651 1369 ἰσχυρότερός
673 1273 821 1361 ἐστιν,
801 1271 945 1364 ανάγκη,
965 1271 986 1357 ἢ
979 1270 1192 1361 ἐπιθυμίας
1212 1269 1264 1341 καί

258 1405 366 1474 ,φησι
383 1375 468 1450 πολὺ
485 1371 708 1474 διαφέρει,
683 1411 709 1452 ω
731 1376 932 1468 Σώκρατες,
957 1370 1157 1466 ε’πιθυμόα.”
1190 1369 1265 1442 Εν·

259 1487 380 1552 ταῦθα
399 1478 501 1572 μὲν
481 1477 627 1570 ανάγκην
645 1481 736 1566 ιὸἰως
757 1481 817 1568 τὴν
831 1483 911 1570 βίον
926 1484 1040 1565 καλεῖ,
1060 1475 1122 1562 τὴν
1142 1476 1217 1546 33³
1201 1499 1265 1543 επι-

259 1587 393 1676 θυμιαν
424 1579 463 1653 ού
487 1579 595 1668 δήπου
623 1583 684 1658 οῦκ
711 1583 898 1710 ἀναγκοῖαν
922 1579 1122 1678 ἡγούμενος,
1159 1579 1268 1648 ἔπειτα

259 1684 381 1778 δεσμόν
408 1687 468 1770 τῆς
491 1712 528 1775 γε
550 1683 695 1778 ἀνάγκης
716 1684 928 1782 ἰσχυρότερον
949 1688 1097 1756 τίθεται.
1138 1665 1266 1764 Πῶςὸ

260 1788 303 1858 ἀν
319 1795 375 1860 και
395 1793 523 1878 γένοιτο
549 1787 662 1862 ὁτιοῦν
682 1788 743 1865 οῦκ
767 1787 950 1882 ἀυογκαῖον
970 1783 1119 1876 ἀνάγκης
1140 1777 1269 1878 ἰσχυρό-

260 1917 372 1986 τερον,
392 1922 412 1990 η
398 1882 509 1962 0333
494 1891 609 1976 ὲθεός
626 1921 715 1990 ηασι
733 1891 892 1985 μάχεταις
908 1887 1017 1962 Ἀλλά
1033 1883 1199 1974 δῆλον,
1176 1915 1220 1969 ως
1232 1881 1268 1954 τό

258 1991 404 2084 ἀνάγκης
424 1991 637 2090 ισχυρότερον
658 1997 742 2068 πολύ
760 1995 921 2092 πρότερον
934 2023 990 2066 και
1004 1991 1090 2064 ἀυτὸ
1112 1990 1270 2080 ἀναγκαῖ-

258 2122 298 2165 ον
325 2098 415 2166 ὁεῖ’
399 2103 492 2167 εἶναι.
554 2096 729 2184 Ταύτης
713 2103 773 2170 σῦν
801 2104 859 2184 τῆς
889 2101 1006 2188 βιαίου
1036 2093 1188 2185 ἀνάγκης
1217 2090 1272 2177 τὴν

258 2218 372 2293 ψυχην
387 2199 469 2268 ἔνιοι
487 2197 677 2325 ἀπαλλάξαι
693 2199 985 2332 προμηθούμενοι,
1006 2200 1273 2296 συναφαιροῦσιν

259 2299 362 2385 ἀυτῆς
385 2308 442 2370 καὶ
463 2301 523 2385 τὴν
549 2305 662 2394 ἑτέραν
683 2313 740 2375 καὶ
764 2302 985 2398 θειοτέραυ’
965 2300 1133 2392 ανάγκην,
1161 2326 1222 2387 την
1244 2303 1274 2370 ἐν

259 2406 308 2496 τῦ
324 2406 460 2498 ἑκουσίῳ
479 2430 514 2473 τε
531 2411 588 2474 καλ
600 2406 688 2478 κατά
704 2411 799 2492 νοῦν,
821 2405 882 2478 οῦκ
902 2409 1102 2502 ἐφεστῶτες,
1127 2403 1174 2486 ὥς
1193 2400 1274 2474 πολῦ

259 2500 422 2599 πρότερον
446 2503 605 2594 τάγαθὸν
636 2508 697 2580 σῦν
716 2508 867 2634 ἀνάγκη,
902 2506 944 2594 ἣν
967 2507 1009 2579 ἀν
1036 2505 1120 2598 ἀγοι
1151 2529 1276 2601 ψυχην,

262 2605 353 2696 ἄγει,
373 2605 482 2680 ἀιτίου
503 2608 629 2690 παντὸς
646 2608 729 2684 ἀυτὸ
752 2611 790 2682 ἀυ
811 2611 849 2682 τὸ
871 2605 1050 2706 κράτιστόν
1067 2639 1105 2682 τι
1124 2639 1184 2681 και
1172 2615 1276 2712 δρο-

262 2707 481 2790 οτικύτατον
503 2709 590 2782 ἀλλά
610 2711 883 2786 λανθάνουσιν“
863 2713 987 2794 αυτούς
1007 2741 1052 2808 τρι
1036 2716 1137 2806 μέν
1153 2701 1279 2806 ἀγαθῷ
1331 2775 1334 2780 .

264 2810 470 2897 ἆσθενειαν,
500 2817 540 2911 τῇ
576 2819 612 2886 33
643 2820 737 2914 ψυχῆ
770 2814 982 2910 ματαιότητα
1015 2814 1279 2908 προςάπτοντες,

266 2917 295 2984 ἕι
312 2923 481 2991 συνιοῦσαν
493 2912 603 2988 ἐσθ’
583 2946 637 2990 οτι
647 2918 818 3010 ἀγαθοῦί
800 2922 941 2991 οτουοῦν
950 2917 1073 3016 ψυχὴν,
1087 2926 1149 2990 καὶ
1162 2917 1280 2990 τούτου

267 3020 384 3110 ετὲρων
406 3015 576 3109 ἀμείνονος
600 3028 811 3120 φαινσμάιυυ
824 3025 892 3094 πᾶν
895 3021 1108 3111 μάλλον,’
1083 3053 1107 3110 η
1130 3022 1173 3096 τό
1191 3021 1280 3116 ἀμει-

268 3146 326 3191 νον
350 3124 449 3218 ἑαυτῇ
469 3122 671 3218 φαινόμενον
692 3124 870 3221 άιρεῦσθοι
893 3123 1051 3212 ἀξιοῦσιν.
