2804 4786
1133 304 1195 370 310
1227 315 1230 326 ·

277 489 343 553 est,
376 493 469 558 quam
490 474 521 539 in
544 473 636 540 simssi
657 495 750 538 causa
772 473 852 539 hene
873 473 1001 562 longam
1024 470 1193 542 Caesarius
1232 491 1235 498 ·
1304 489 1305 496 ’

278 579 408 642 instituit
430 582 535 642 'l'omo
551 580 581 644 1.
598 579 752 644 Bibliolh.
769 581 861 642 Patr.
882 601 985 644 novae
1000 580 1074 644 edit.
1091 580 1194 643 Grae-

277 684 374 747 eolat.
398 703 439 766 p.¹
456 683 531 746 010.
555 682 694 768 Dialog.'
712 683 743 745 2.
767 683 975 764 responsione
1001 685 1040 746 ad
1063 683 1194 763 Quaest.

171 863 174 868 ,
280 787 352 848 109.
398 789 539 871 (Vigor.)
582 787 779 861 Bardesaues
809 787 988 850 Edessenus
1012 787 1110 866 Syrus
1140 806 1195 847 au-

279 888 494 972 etorDialogi
516 889 553 962 de
576 889 658 952 Fato
680 909 744 951 non
767 883 1004 953 confundendus
1026 911 1096 952 cum
1116 890 1198 952 Bar·

281 994 393 1054 desane
422 991 602 1071 Babylonio
634 990 732 1056 Conf.
756 994 784 1056 Ι.
808 992 852 1055 Α.
876 992 1016 1058 Fabricii
1042 991 1197 1057 Biblioth.

227 1127 229 1134 ·
279 1096 398 1157 Graec.
422 1096 519 1156 Tem.
543 1095 590 1158 V.
612 1115 647 1176 p.
672 1095 746 1158 19⁰.
771 1094 1062 1160 Fridcr.=Strunzii
1084 1096 1198 1159 Histo-

279 1197 326 1261 ria
349 1197 537 1260 Bardesanis
560 1210 590 1261 ct
611 1199 716 1261 Bardc
733 1197 901 1261 aristarum
924 1199 1006 1262 edita
1027 1199 1196 1262 Wittemh.
1263 1266 1266 1274 Ι

280 1301 375 1362 1710.
400 1301 431 1362 1.
456 1300 590 1364 Librum
613 1303 652 1376 de
672 1303 710 1367 E.
735 1323 754 1364 ο
778 1303 865 1384 quod
887 1302 1012 1378 attinet,
1030 1300 1199 1366 'interiecta

235 1453 237 1458 ,
280 1404 311 1467 in
333 1406 397 1466 hoo
414 1404 609 1488 Fragmento
632 1403 774 1488 quaestio
791 1403 932 1487 Philippi
954 1403 1115 1486 discipuli,
1140 1408 1198 1469 do-

280 1519 329 1570 cet
350 1506 437 1570 illum
459 1530 523 1573 non
544 1506 678 1589 abipso
701 1508 882 1572 Bardesane
894 1552 903 1583 ,
928 1510 984 1570 sed
1005 1529 1024 1570 a
1046 1506 1199 1589 discipulo
1246 1529 1252 1534 ·

279 1633 338 1674 suo
360 1610 514 1694 Philippo
536 1611 633 1675 fuisse
654 1611 882 1692 conscriptum.
927 1611 1000 1692 (Ο.)

217 1713 250 1794 2)
279 1716 476 1780 Μέλισσα
497 1717 596 1800 μέλι
617 1714 810 1802 γεωργεῖ]
835 1714 1008 1777 Emendavi
1029 1716 1063 1776 h.
1078 1715 1102 1777 l.
1127 1736 1201 1778 ver·

244 1839 245 1844 ¹
280 1817 398 1880 sionem
422 1815 529 1881 Grotii
550 1817 610 1898 qui·
627 1817 705 1878 male
726 1815 880 1878 reddidit:
905 1819 981 1899 apis
1000 1819 1200 1882 rusticotur.

281 1918 383 2001 Atqui
398 1927 549 2008 γεωργεῖν
564 1921 647 2001 apud
661 1919 835 1999 scriptores
852 1916 1093 1981 Ecclesiasticus
1108 1939 1202 1983 sensu

282 2043 352 2084 cum
375 2022 508 2102 physico
530 2034 596 2084 tum
618 2020 837 2104 metaphorice
860 2033 892 2083 et
912 2020 1026 2084 morali
1047 2031 1094 2082 est
1122 2043 1202 2086 cou-

280 2135 425 2200 struere,
445 2123 646 2204 fabricari,
673 2125 800 2188 moliri.
822 2121 921 2196 Cous.
951 2145 978 2186 s.
1010 2121 1052 2187 C.
1076 2122 1200 2196 Sitizer.

285 2226 442 2288 Thesaur.
460 2223 647 2288 Ecclesiast.¹
669 2225 703 2288 h.
729 2247 762 2288 v.
786 2226 983 2290 Verteudmn
1005 2225 1109 2309 itaque
1123 2223 1202 2309 alpis

283 2330 350 2392 mc'l
363 2327 581 2408 fabricatur.
625 2326 698 2406 (0.)

220 2431 253 2512 3)
284 2432 358 2497 τῶν
376 2426 632 2509 Ἀλανοιὶων]
655 2429 706 2492 De
728 2428 876 2494 Alauaeis
898 2430 975 2494 nihil
995 2431 1071 2516 legi.
1095 2429 1202 2493 Simile

284 2555 362 2598 vero
385 2545 433 2596 est
461 2553 526 2596 non
555 2533 634 2599 alios
667 2553 736 2594 esse
769 2554 862 2615 quam
884 2533 1027 2610 Alanos,
1065 2555 1203 2616 quorum

250 2703 253 2708 Δ
283 2636 463 2717 Iosephus,
502 2634 682 2711 Lucianus,
729 2635 781 2698 alii
810 2635 954 2720 plerique
980 2637 1202 2717 meminerimt.

249 2751 252 2757 '
284 2740 444 2822 (Vrgere.)
494 2738 640 2819 Populus
673 2736 844 2802 Sarmatiae
861 2740 1083 2820 ›Europacae,
1122 2739 1204 2800 haud

287 2842 401 2923 procul
423 2863 441 2903 a
463 2839 625 2905 Maeotide
653 2840 780 2921 palude.
815 2837 913 2904 Conf.
936 2825 1076 2924 inprimis
1092 2841 1205 2904 Arria-

285 2967 376 3021 num,
401 2965 488 3006 ciuus
511 2944 676 3007 etiamnum
700 2952 802 3005 exstat
823 2945 916 3008 Acies
931 2953 1053 3006 contra
1067 2939 1211 3028 ¹llcmos⁸⁴
1283 3012 1286 3018 Α

225 3151 258 3229 lt)
286 3143 616 3240 διαφερόμενοι]
646 3149 766 3212 Annon
786 3147 954 3230 legendum
976 3145 1206 3237 διαφερομένῃ,

285 3264 319 3313 ut
340 3251 496 3314 reseratur
518 3254 557 3315 ad
577 3253 769 3334 praecedens
792 3241 1053 3334 ἀνθρωιιότητιῗ
1098 3245 1170 3325 (Ο.)

225 3358 258 3436 5)
288 3351 364 3421 ὑπὸ
398 3354 474 3419 τῶν
501 3349 783 3440 ὁμοιοπαθῶν
812 3345 1089 3427 ἐλαύνονται]
1128 3349 1206 3412 Sen-

289 3481 355 3521 sum
378 3459 492 3520 horum
516 3459 687 3520 verborum
709 3477 773 3518 non
796 3453 879 3534 cepit
903 3450 1048 3518 Grotius.
1088 3451 1207 3513 Melius

290 3561 430 3646 Vigerus
464 3581 486 3623 α
519 3562 574 3620 sui
602 3557 766 3620 senilibus
795 3555 831 3635 (i.
857 3577 886 3617 e.
917 3554 985 3618 aliis
1013 3552 1207 3631 hominihus)

290 3652 426 3746 impunes*
443 3657 623 3723 'vexantem
659 3657 770 3722 Malim
793 3657 923 3722 sedibus
936 3656 1018 3719 auis<
1033 3655 1207 3735 expellun-

289 3774 356 3829 tur.
401 3762 473 3844 (O.)

228 3869 260 3948 6)
289 3863 400 3956 παρὰ
423 3859 611 3953 Σύροις]
634 3863 687 3926 An
711 3861 806 3924 Serae
828 3857 990 3924 aSerihus
1013 3854 1091 3922 alii?
1114 3854 1207 3923 Seres
