2828 4792
270 495 306 538 tv

270 644 353 719 sero
380 641 540 748 eximiae
561 639 789 716 humanitati
815 667 857 714 ac
884 641 1175 720 benevolentiae
1199 642 1272 716 Th.

271 763 322 835 D.
349 760 504 836 Blochii
533 761 640 835 istius
672 759 937 835 Bibliothecae
971 755 1171 860 praefecti,
1207 761 1275 862 qui

270 881 332 957 vir
357 879 596 956 doctissimus
626 903 672 954 ex
699 879 877 972 Sallustio
902 881 1134 981 philosopho
1164 908 1184 954 a
1211 906 1274 956 me

271 999 375 1076 edito
413 1000 519 1074 haud
556 1025 708 1098 prorsus
747 998 935 1106 sinistram
968 999 1191 1098 opinionem
1227 1000 1276 1076 dc

269 1121 398 1194 futura
407 1118 619 1194 Alexandri
635 1118 803 1192 editione
819 1117 1039 1218 concipiens
1048 1175 1059 1212 ,
1084 1121 1188 1192 ultro
1203 1144 1276 1195 nec

272 1238 447 1339 opinanti
474 1238 573 1312 mihi
604 1237 708 1311 misit
734 1238 810 1310 hoe
831 1265 973 1311 munus
997 1237 1277 1335 gratissimum,

271 1370 309 1434 et
323 1385 523 1458 nunquam
542 1356 851 1431 intermoriturae
875 1357 1065 1432 amicitiae
1088 1371 1276 1434 tesseram.

269 1477 338 1552 Est
361 1478 441 1550 scil.
467 1476 531 1549 hic
561 1473 695 1550 Codex
716 1476 936 1550 chartaceus
958 1476 1125 1576 optimae
1149 1489 1277 1572 notae,

269 1596 482 1670 accuratius
513 1593 722 1695 descriptus
758 1621 780 1668 a
809 1595 871 1668 Fr.
908 1595 1093 1672 Miintero
1129 1596 1171 1671 in
1204 1597 1279 1670 Mi-

272 1715 471 1792 scellaneis
489 1714 776 1808 Havniensibus
802 1713 1031 1813 Theologici
1049 1727 1087 1790 et
1107 1715 1279 1788 Philolo-

269 1835 388 1932 logici
429 1833 663 1931 argumenti,
715 1845 753 1908 et
787 1833 960 1909 continet
997 1834 1103 1910 varia
1138 1833 1279 1934 scripta

270 1955 537 2058 philosophica
566 1955 639 2028 hac
668 1953 774 2028 serie.
818 1953 855 2052 1)
876 1953 1030 2028 Ioannis
1049 1954 1281 2031 Damasceni

269 2083 457 2176 κεφαλαῑοι
475 2073 711 2175 aromata.
732 2073 770 2168 a)
784 2080 875 2178 περὶ
891 2080 1068 2152 ἑκουσίου
1086 2081 1152 2152 καὶ
1168 2075 1279 2155 amo

269 2206 358 2278 σίου
392 2209 549 2272 auctore
576 2193 850 2269 Neo-Graeco
874 2193 1006 2294 aliquo
1028 2195 1148 2276 seculi
1172 2197 1282 2278 XVI.

196 2305 203 2317 ⁴
270 2317 441 2396 extremi.
465 2315 506 2412 3)
532 2312 743 2387 Alexandri
767 2310 1077 2412 Aphrodisiensis
1101 2321 1192 2418 περὶ
1217 2316 1282 2396 τύ-

266 2466 342 2545 χης
367 2442 431 2516 καὶ
457 2441 686 2540 ἑιμαρμένης
712 2429 848 2530 Capita
865 2431 916 2504 II.
944 2457 992 2506 ex
1009 2433 1090 2508 eius
1106 2436 1207 2510 libro
1227 2437 1279 2511 ΙΙ.

269 2563 319 2638 de
352 2559 489 2636 anima.
548 2555 589 2650 a)
627 2551 814 2627 Eiusdem
852 2553 951 2656 πρὸς
987 2553 1281 2663 ἀοτονράτορας

268 2687 362 2787 περὶ
387 2684 613 2782 ἑιμαργιένης
632 2680 696 2754 καὶ
714 2675 787 2754 τοῦ
805 2673 858 2774 a’p'
882 2675 983 2778 ἡμῖν.
1029 2676 1069 2772 5)
1094 2675 1282 2756 Eiusdem

271 2809 431 2906 σχολίων
453 2803 623 2901 φυσικῶν
648 2796 823 2904 ἀποριῶν
839 2801 904 2874 καὶ
919 2795 1063 2874 λύσεων
1084 2804 1227 2898 βιβλίον
1242 2805 1280 2899 β.

273 2925 367 3025 Cap.
385 2921 567 3003 II-XVI.
592 2919 747 2996 tandem
771 2929 964 3017 postremo
990 2919 1099 2995 loco:
1137 2918 1176 3018 6)
1196 2915 1280 3002 Συ-

270 3045 422 3148 ναγωγὴ
447 3035 526 3122 τῶν
555 3037 871 3138 ἀναγκαιοτάτων
896 3035 1108 3143 ἐξηγήσεων
1131 3048 1184 3136 ἀς
1209 3045 1283 3147 τὴν

269 3164 477 3274 ῥητορικὴν
505 3166 583 3242 τῶν
608 3162 882 3238 ἀποδοθεισῶν
907 3162 987 3240 ὑπὸ
1004 3169 1084 3242 τῶν
1094 3189 1281 3268 χριστια-

269 3293 347 3370 νῶν
373 3285 564 3392 ἐξηγητῶν
596 3287 660 3360 καὶ
688 3276 882 3382 Ἑλλήνων
917 3280 1087 3378 (Scholia
1121 3284 1166 3362 in
1198 3285 1283 3362 Ari-

271 3407 418 3485 stotelis
443 3402 690 3482 Rhetoricam
720 3425 819 3499 quae
848 3401 981 3480 eadem
1001 3401 1182 3489 videntur
1203 3431 1285 3484 esse
1324 3475 1328 3482 .

273 3555 365 3604 cum
378 3527 448 3622 iis,
476 3546 575 3623 quae
596 3522 690 3623 1539
708 3519 844 3598 Parisis
859 3507 996 3598 excusa
1008 3522 1166 3600 fuerunt
1183 3525 1282 3627 typis

274 3645 447 3724 Conradi
469 3640 681 3738 Neobarii).
730 3641 915 3716 Eiusdem
940 3641 1097 3718 Blochii
1120 3644 1283 3720 eximiae

272 3762 503 3843 humanitati
524 3779 562 3836 et
586 3761 776 3840 amicitiae
803 3743 925 3838 debeo
956 3764 1035 3834 duo
1068 3762 1207 3863 Capita.
1233 3763 1283 3840 de

274 3885 447 3962 Fortuna
475 3894 514 3958 et
538 3881 633 3956 Fato
662 3907 709 3958 ex
734 3882 869 3959 eodem
897 3881 1041 3958 Codice
1068 3882 1282 3960 Havniensi
1344 3900 1346 3904 ’

275 4016 451 4082 accurate
472 4002 657 4104 exscripta
680 4029 758 4082 una
785 4027 873 4078 cum
900 4001 1080 4080 varietate
1105 4002 1282 4082 lectionis
