2828 4792
1084 445 1123 508 et

122 607 297 689 Quomodo
319 607 539 692 Agamemnon
562 617 648 672 recte
666 618 764 672 semet
783 605 1001 674 condemnavit
1021 611 1127 676 dicem

118 733 189 775 nec
220 731 295 796 ego
328 709 366 774 id
400 709 533 795 nego?
576 713 657 774 Nam
676 711 703 772 si
732 711 915 774 Alexander
940 724 1127 795 potestatem

118 813 229 878 babuit
262 813 432 896 spernendi
459 813 563 878 omnia
594 813 654 877 ista
685 813 938 891 circumstantia,
984 837 1064 899 quae
1088 821 1128 882 ad

118 929 243 998 raptum
267 937 337 978 eum
351 915 541 994 incitabant,
567 928 620 978 aut
632 917 798 985 Menelaus
814 938 873 992 ea,
899 940 978 1002 quae
994 919 1129 988 adiram

117 1041 187 1082 eum
209 1018 431 1100 impellebant,
467 1030 519 1081 aut
542 1019 763 1103 Agamemnon
786 1040 823 1083 ea
846 1021 889 1084 ob
916 1042 995 1104 quae
1012 1033 1124 1100 semet,

115 1135 149 1186 nt
177 1135 304 1186 sontem
326 1133 470 1198 aecusat,
509 1121 590 1184 iuste
618 1141 726 1185 omnes
748 1121 795 1184 illi
820 1123 1035 1205 culparentur.
1079 1126 1126 1190 At

115 1227 140 1290 si
162 1225 240 1290 olim
263 1235 295 1288 et
316 1237 387 1288 ante
407 1225 500 1300 olim,
525 1235 556 1288 et
577 1235 742 1308 antequam
761 1224 858 1286 ullum
876 1224 1000 1290 illarum
1018 1249 1125 1292 rerum

115 1329 249 1394 initium-
260 1328 449 1404 exsisteret,
474 1349 584 1392 verum
601 1326 662 1390 luit
686 1326 719 1390 id
740 1329 827 1409 quod
845 1327 906 1390 iam
924 1330 963 1392 de
989 1328 1122 1414 singulis

114 1432 268 1509 elisimus,
293 1431 326 1494 id
347 1431 447 1513 ipsum
469 1451 602 1512 nempe,
627 1431 670 1494 ob
689 1429 930 1514 qnodquisque
948 1433 1123 1514 reprehen-

114 1536 220 1611 ditur,
260 1537 424 1618 quemodo
448 1534 509 1617 ipsi
539 1536 578 1598 de
602 1533 754 1617 hisquae
785 1532 870 1598 lacta
898 1545 971 1596 stmt
996 1535 1122 1617 culpam

114 1637 242 1710 serent?
279 1640 364 1700 Tum
390 1659 471 1702 vero
501 1640 664 1720 quemodo
699 1635 864 1720 quisquam
893 1635 1063 1719 explicabit
1089 1638 1122 1702 in

112 1743 204 1806 nobis
227 1763 297 1804 esse
320 1740 454 1806 virtutes
477 1751 509 1803 et
531 1739 631 1804 vitia?
659 1741 831 1821 Quomodo
851 1738 879 1802 si
899 1739 944 1802 ita
965 1739 1042 1803 lacti
1067 1763 1125 1822 su·⁸

114 1867 203 1922 mus,
243 1844 324 1907 iuste
350 1843 402 1906 alii
426 1844 588 1907 florebunt
611 1843 773 1919 laudibus,
812 1840 864 1906 alii
885 1843 1042 1906 dedecore
1062 1847 1118 1907 ad·

113 1945 331 2033 spergentur?
364 1946 452 2012 Nihil
479 1945 560 2010 enim
585 1948 664 2009 haee
691 1943 843 2009 sententia
866 1948 1023 2026 praebet,
1060 1945 1120 2012 nisi

113 2049 323 2133 patrocinium
338 2051 426 2113 malis
447 2050 582 2114 actibus.
624 2049 778 2112 Videmus
797 2047 878 2110 enim
899 2047 1041 2129 pulchris
1057 2049 1118 2112 ho-

114 2155 273 2237 nestisque
302 2153 478 2218 actionibus
503 2151 657 2217 neminem
686 2169 755 2214 esse
783 2150 837 2234 qui
857 2151 971 2216 Fatum
994 2172 1119 2215 causam

114 2257 290 2334 adscribat,
315 2269 346 2320 at
363 2267 475 2320 eontra
503 2254 557 2339 qui
579 2253 652 2318 mali
673 2265 745 2318 sunt
765 2252 870 2332 dicere
889 2273 923 2316 se
945 2253 1024 2316 tales
1049 2267 1122 2316 esse

113 2360 142 2422 vi
164 2359 256 2434 Fati,
297 2359 353 2443 qni
369 2360 425 2424 ubi
446 2360 590 2423 audirent
614 2360 678 2422 hoe
699 2369 731 2420 et
754 2357 966 2439 philosophos
993 2356 1097 2420 dicere
1105 2403 1121 2433 „

113 2466 275 2546 quomodo
302 2485 366 2526 non
395 2461 519 2526 abiecto
549 2465 672 2544 pudore
700 2472 731 2524 et
755 2460 816 2542 ipsi
840 2463 878 2524 ad
903 2459 976 2526 talia
1000 2480 1117 2544 proee-

111 2568 200 2644 dent,
232 2576 265 2630 et
286 2565 363 2632 alios
384 2568 423 2630 ad
443 2570 552 2631 eadem
573 2563 810 2630 hortabuntur?

478 3048 482 3058 .
520 3021 522 3030 ·
554 2999 673 3063 XVII.

172 3102 347 3184 Quomodo
362 3113 466 3168 aretem
484 3102 539 3188 qui
559 3103 605 3166 sic
618 3100 756 3166 sentiunt
780 3101 863 3165 tneri
883 3113 1035 3185 potemmt
1048 3101 1115 3166 De·

108 3225 200 3269 otum
237 3209 276 3270 de
311 3207 408 3270 rebus
428 3207 583 3271 -bumanis
621 3200 752 3270 curam?
804 3206 886 3267 Nam
916 3204 943 3268 si
971 3207 1119 3270 Deorrun'
1151 3234 1154 3240 ·

107 3319 257 3386 ostenta„
295 3331 377 3392 quae
395 3308 559 3374 interdum·
574 3308 715 3380 euenisse
732 3309 903 3384 dicuntur,
938 3307 1118 3370 factasunt

106 3430 146 3472 ex
173 3433 269 3480 causa
291 3412 460 3489 anteiacta,
498 3413 542 3478 ita
556 3427 591 3476 ut
609 3415 749 3482 nondum
771 3421 846 3474 nato
867 3410 994 3474 illorum
1011 3408 1116 3472 horni-
1190 3437 1193 3446 v

106 3535 180 3578 num
208 3515 316 3600 aliquo
342 3537 452 3579 verum
476 3514 571 3580 fuerit
596 3537 613 3578 a
640 3516 718 3579 Deis
744 3513 873 3597 aliquod
901 3512 974 3576 huie
1002 3511 1114 3575 auxili·

104 3637 156 3679 um
171 3617 263 3694 lore,
287 3623 449 3702 quonlon
462 3639 585 3706 ¹quaese
600 3620 664 3683 hoc
677 3620 780 3700 ipsum
799 3637 905 3680 curam
925 3615 1018 3686 alieui
1036 3635 1119 3698 pro«.

105 3720 262 3788 videntem
293 3707 412 3797 vocat,
449 3723 478 3785 si
498 3744 535 3785 ea
562 3743 626 3784 non
650 3743 691 3782 ex
712 3720 830 3784 meritis
853 3719 1021 3800 prevenit,
1060 3720 1116 3780 sed

105 3843 143 3883 ex
161 3835 234 3892 ante
253 3825 357 3906 posita
375 3823 584 3888 necessitate?
622 3826 784 3905 utromodo
814 3823 906 3884 etiam
924 3822 1118 3894 defendetur»

103 3927 271 3998 adversum
290 3926 378 3992 Deos
404 3927 638 4010 pietaseorum
664 3926 717 4008 qui
744 3925 789 4007 pii
811 3937 998 4000 censentur,
1033 3922 1113 3985 siin
1214 3991 1218 3999 ¹

94 4027 176 4108 ipsis
210 4050 279 4096 non,
308 4030 368 4094 luit
402 4032 465 4094 boe
479 4085 481 4092 .
496 4051 561 4094 uon
593 4031 699 4094 lacere
729 4041 804 4094 tune
841 4049 911 4090 curn
944 4023 1114 4092 lacerent?
1217 4099 1224 4114 θ
