2782 4790
156 449 161 462 ι
248 393 309 477 ντί

246 579 285 648 τὸ
307 577 371 650 ὑπό
399 605 485 660 τινος
509 578 597 648 κατὰ
619 577 678 662 τὴν
710 574 832 648 ὂικείαν
857 573 1027 669 γινόμενον
1047 578 1186 710 φάσιν,
1208 581 1254 652 ἐπ’

247 686 353 775 ἐκείνῳ
373 689 491 772 λέγειν,
520 682 602 750 ἄλλο
620 709 653 750 τι
672 667 914 772 σημαινόμενον
927 687 987 752 τοῦ
1008 681 1056 778 εἰμ
1074 683 1151 771 ἡμῖν
1171 681 1257 764 εἰςοί-

244 807 311 875 μων
334 788 378 869 ¹,)
395 784 498 878 παρά
520 783 559 852 τό
584 791 844 908 πεπιστευμένον
850 812 885 854 τε
905 795 962 854 καὶ
982 791 1256 888 προειλημμένον,

246 886 266 956 6
291 899 400 982 φαμὲν
428 894 510 957 εἰναι
541 886 598 956 διά
631 886 670 955 τὸ
711 889 792 977 ἔχειν
826 885 913 979 ἡμᾶς
949 891 1114 972 ἐξουσίαν
1128 893 1191 958 τῶν
1222 895 1257 958 έν

183 997 186 1004 '
245 999 316 1071 τοῖς
336 997 573 1084 πραττομένοις
606 988 832 1080 ἀντικειμένων
854 989 983 1086 φθάνει
1005 991 1063 1062 διὰ
1084 995 1146 1061 τῶν
1167 991 1256 1083 πρό-

244 1119 309 1164 των
329 1092 501 1213 πλεονάκις
523 1097 683 1224 εἰρῆσθμί
704 1122 737 1163 τε
767 1102 822 1162 καὶ
844 1099 1025 1185 δεδεῖχθαι.
1067 1094 1257 1184 Παραπλή-

244 1202 369 1266 σιοιὸὲ
355 1195 522 1277 ὲτόότοις
550 1205 606 1266 καὶ
635 1191 728 1278 ὅσοις
749 1196 908 1277 ἄλλοις’
892 1217 938 1277 εις
970 1195 1130 1266 σύστασιν
1159 1201 1256 1267 τοῦδε

242 1303 303 1394 τοῦ
324 1298 530 1427 όόγματοςλ
522 1299 623 1389 όγοις
644 1303 946 1424 παρατίτῖενται,’
931 1308 982 1368 επὶ
1004 1306 1102 1370 πλέον
1122 1307 1178 1370 καὶ
1198 1306 1259 1394 667

239 1431 297 1524 χρι
318 1401 471 1526 ῥημάτων
494 1401 553 1487 τὴν
570 1410 739 1531 κομψέιαν
761 1405 903 1494 ἔχοντες,
941 1401 1000 1472 οὐκ
1030 1407 1064 1471 έκ
1092 1407 1151 1487 τῆς
1171 1403 1256 1496 πρὸς

242 1505 286 1574 τά
306 1503 488 1599 πράγματα
508 1512 581 1598 περὶ
602 1509 646 1574 ὡν
666 1511 835 1594 λέγονται,
857 1509 1051 1600 συμφωνίας
1072 1505 1132 1590 τίςν
1144 1509 1256 1576 πίστιν

242 1606 475 1698 λαμβάνοντες.

702 1820 780 1885 ΛΘ.

309 1916 455 1990 Ταῦτα
438 1926 514 2010 υμῖν
525 1923 569 2003 ¹‚)
591 1951 619 1990 ω
602 1909 843 1989 θειότατοι’
823 1918 1074 2014 αυτοκράτορες,
1096 1923 1153 2004 τῆς
1160 1917 1254 2013 Ἀρι-

241 2028 415 2104 στοτέλους
436 2021 532 2107 δόξης
554 2026 627 2144 περί
651 2051 685 2092 τε
706 2028 912 2117 εἰμαρμένης
924 2031 982 2110 καὶ
1006 2027 1065 2092 τοῦ
1095 2020 1145 2118 εἰμ’
1175 2021 1255 2112 ἡμῖν

144 2169 148 2186 ·
240 2124 309 2194 κατ’
331 2125 410 2215 ἐμὴν
428 2124 547 2210 δόξαν,
569 2123 611 2196 τά
632 2125 816 2216 κεφάλαια,
839 2123 961 2198 καθ’“
940 2154 981 2210 ην
994 2125 1188 2210 δόξαντες’
1161 2154 1206 2206 εις
1220 2153 1254 2195 τε

238 2229 346 2309 θεοὺς
363 2228 598 2319 έυσεβῆσομεν,
619 2239 713 2319 ταμ
714 2257 733 2300 ν
755 2227 922 2310 εἰδότες’
902 2239 1017 2309 αυτοῖς
1030 2227 1166 2352 χάριν,
1164 2227 1251 2329 666³

240 2324 284 2402 ὧν
299 2330 507 2454 φθάνομεν
491 2330 541 2400 ου’
555 2331 711 2402 άυτῶνέῦ
723 2331 940 2416 πεπονθότες,
961 2330 1085 2402 τάδε’
1036 2317 1255 2422 ὲαιτοόμεκοι

239 2433 315 2527 παρ’
340 2433 446 2505 άυτῶν
468 2433 511 2515 ὡς
535 2434 637 2506 όντων
654 2443 710 2504 καὶ
733 2463 792 2504 του
778 2439 924 2505 δοῦναι
943 2442 1000 2506 καὶ
1022 2437 1081 2503 τοῦ
1098 2434 1143 2525 μὴ
1163 2439 1256 2528 κυρί-

239 2563 285 2606 ων
302 2537 345 2620 ²).
382 2535 557 2630 Ἐσόμεθα
573 2544 607 2608 δὲ
621 2543 694 2629 περί
711 2567 745 2609 τε
764 2538 850 2629 όμοίς
872 2543 900 2624 ⁵)
923 2546 978 2608 καὶ
992 2546 1066 2631 περὶ
1079 2537 1157 2618 τοὺς
1176 2535 1255 2627 ὑμῖν

239 2637 375 2729 ὁμοίους
392 2641 556 2734 ἄρχοντας
578 2641 765 2732 εὐχάριστοι
780 2638 827 2726 4),
849 2646 957 2711 ταῦτα
978 2640 1186 2733 πράττοντας
1208 2645 1255 2720 έις

239 2742 326 2832 ὑμᾶς
348 2746 398 2827 ⁵),
431 2741 455 2811 6
478 2752 567 2814 ποιεῖ
586 2743 675 2833 ὑμῶν
701 2745 805 2814 οἰκεία
827 2748 1018 2837 προαίρεσις
1043 2740 1072 2826 ⁶)
1097 2741 1254 2836 πράττειν

238 2844 338 2936 ὑμᾶς,
357 2853 479 2941 αἱρέσει
494 2852 553 2916 τοῦ
563 2853 730 2936 βελτίονος
740 2856 796 2918 καὶ
812 2851 856 2940 τῷ
870 2855 960 2968 περὶ
955 2845 1015 2930 τὴν
1025 2849 1132 2940 κρίσιν
1148 2844 1253 2916 άυτοῦ

163 3039 166 3048 ,
238 2953 422 3076 φροντίζειν
441 2957 619 3033 ποιοῦντας
634 2949 656 3020 εί
676 2959 813 3033 ποιεῖτε,
836 2949 912 3020 ἀλλ’
923 2976 962 3019 ου
951 2947 1253 3043 ’προκαταβεβλη-

236 3058 351 3182 μένοις
361 3061 445 3124 τισὶν
460 3053 578 3178 άιτίοις
592 3061 778 3146 επομένους,
794 3052 844 3134 όῑς
858 3052 1040 3175 άναγμαῑον
1054 3057 1201 3122 ἕπεσθαι
1212 3054 1253 3134 ⁷),

236 3159 259 3274 6
276 3155 317 3225 ε’ίν
335 3162 440 3227 ἐκεῖνα
454 3157 528 3255 όίμῃ.
558 3157 786 3246 Ποιησόμεθα
803 3162 838 3226 δὲ
853 3164 909 3224 καὶ
924 3154 1041 3249 ἀρετῆς
1055 3160 1252 3244 ἐπιμέλειαν,

237 3253 280 3339 ὡς
298 3259 388 3342 ὄντες
405 3260 500 3331 σἰυτοὶ
522 3261 629 3351 κύριοι
651 3289 710 3330 του
696 3257 920 3350 βελτίους’
899 3289 919 3342 η
933 3261 1063 3351 χείρους
1079 3264 1253 3346 γενέσθαι.

243 3360 430 3434 Τούτων
392 3393 456 3458 γαρ
476 3363 611 3455 μόνον
593 3363 705 3458 κύριός
720 3392 787 3445 τις,
809 3355 853 3430 ὧν
874 3369 930 3431 καὶ
951 3365 1010 3430 τοῦ
1030 3359 1076 3450 μὴ
1094 3359 1253 3454 πράττειν

238 3463 339 3546 ἆυτὸς
353 3467 381 3550 ⁸)
397 3470 460 3559 ἔχει
478 3468 537 3552 τόν
549 3471 706 3552 ἐξουσίαν,
728 3475 784 3535 καὶ
795 3465 838 3534 τά
848 3465 936 3535 ἄλλα
951 3469 1004 3547 δὲ,
1026 3459 1091 3534 ὅσα
1105 3462 1254 3557 πράττο-

234 3595 294 3656 μεν
315 3570 402 3639 κατά
425 3570 483 3640 τὸν
505 3575 599 3660 βίον,
622 3565 675 3640 ότι
691 3568 798 3660 μόνως
819 3566 961 3658 έυλόμως
982 3565 1136 3660 πράττειν
1155 3566 1197 3638 όίν
1219 3574 1253 3652 9)

235 3677 406 3763 δοκοῖμεν,
439 3678 467 3741 ἐι
498 3673 585 3743 κατά
609 3675 669 3758 τὴν
685 3674 940 3764 Ἀριστοτέλους
965 3669 1064 3753 δόξειν
1089 3679 1163 3762 περὶ
1191 3669 1252 3739 ἆυ-

220 3779 299 3845 .τῶν
320 3779 365 3861 ¹0)
388 3774 621 3866 άποδιδοίημεν
642 3778 702 3859 τὰς
723 3776 849 3857 τίιτίας,
877 3773 934 3843 διά
956 3778 997 3857 ¹¹)
1019 3771 1144 3854 παντὸς
1166 3777 1253 3844 ε’πει·

236 3875 352 3969 ράθην
373 3876 450 3970 ὑμῖν
471 3886 688 3972 παραστῆσαι
710 3883 755 3962 ¹²)
778 3881 836 3948 τοῦ
859 3876 970 3965 λόγου.

568 4051 927 4080 κ*-

924 4199 928 4203 ·
971 4165 1008 4262 Ο
