2782 4790
1091 367 1240 440 91Ι

135 567 212 612 vern
242 543 378 620 malum,
420 561 521 626 neque
552 538 650 604 ullum
676 541 758 604 alind
787 555 835 606 est
862 543 974 607 animal
999 545 1132 610 istorum

131 669 252 732 capax,
290 647 433 730 plerique
460 657 563 709 autem
582 643 725 708 homines
749 645 843 722 mali,
885 647 950 710 imo
977 648 1033 711 vix
1051 671 1131 712 unus

133 766 162 816 et
185 753 265 816 alter
289 753 392 816 bonus
416 748 514 812 fuisse
539 749 579 811 ab
604 747 666 810 illis
692 751 824 811 docetur
852 760 1000 834 tanquam
1020 752 1132 815 animal

134 854 313 920 admirabile
328 875 365 942 ac
386 864 515 935 praeter
531 862 695 926 naturam,
720 863 752 914 et
773 873 813 915 eo
835 852 889 935 qui
910 857 993 935 apud
1003 854 1133 918 AEthio·

132 981 186 1042 pos
216 979 286 1022 esse
311 968 524 1030 memoratur,
554 953 716 1018 Phoenice
738 934 861 1031 rarius,
899 978 1024 1021 rursum
1052 981 1133 1023 vero

136 1061 206 1126 mali
239 1082 348 1124 omnes
385 1059 469 1122 inter
497 1079 530 1121 se
562 1077 676 1139 pares,
721 1057 765 1120 ita
792 1071 828 1121 ut
856 1059 931 1122 nihil
961 1061 1038 1124 alius
1072 1063 1133 1128 alin

135 1165 248 1239 distet;
270 1163 429 1226 insaniunt
451 1173 554 1224 autem
572 1171 681 1223 omnes
704 1160 758 1242 qui
783 1183 848 1223 non
873 1174 945 1224 sunt
966 1165 1131 1246 sapientes,

134 1269 295 1350 quomodo
331 1289 397 1332 non
435 1264 657 1328 misserrimum
694 1263 832 1327 ninnium
869 1265 1068 1330 animantium
1096 1271 1136 1332 sit

135 1373 230 1436 homo
252 1371 372 1434 habens
394 1391 413 1432 a
440 1381 553 1432 natura
573 1380 605 1431 et
629 1365 739 1431 vitium
766 1380 797 1430 et
824 1367 973 1430 insaniam
994 1369 1055 1433 sibi
1074 1393 1135 1452 pro

138 1484 224 1537 sorte
247 1473 408 1537 attributa.
467 1473 530 1535 Sed
555 1492 634 1555 quae
661 1469 707 1534 illi
727 1474 890 1553 paradoxa
920 1471 952 1542 in
982 1474 1137 1557 dogmatis

137 1577 198 1640 suis
226 1577 355 1651 dicunt,
390 1587 544 1659 quatenus
571 1595 691 1638 avero
712 1573 900 1651 dissideant,
939 1580 1135 1657 expendere,

135 1679 164 1740 in
194 1700 346 1761 praesens
372 1678 507 1741 maxima
537 1698 577 1739 ex
608 1689 699 1758 parte
734 1677 1043 1758 praetermittendum
1072 1693 1137 1757 est3

137 1783 359 1846 revertendum
380 1781 515 1846 veroin
538 1779 622 1842 viam
641 1783 724 1844 unde
747 1779 881 1865 digressi
904 1805 1023 1846 sumus.

568 2095 705 2158 XXIX.

203 2196 405 2262 Ostendimus
435 2207 538 2260 autem
565 2199 638 2262 ideo
666 2197 697 2262 in
720 2209 878 2280 potestate
908 2221 977 2264 esse
1006 2201 1140 2266 hominis

142 2303 238 2384 probi
265 2305 353 2384 quod
376 2301 446 2364 talis
475 2301 537 2378 sit,
577 2302 650 2386 quia
676 2302 828 2366 eiusmodi
854 2304 1058 2368 assuetudinis
1084 2295 1142 2388 per

143 2427 235 2488 quam
257 2404 401 2486 probitas
424 2405 614 2488 acqruritur,
647 2404 790 2488 ipsesibi
811 2419 990 2470 causaest:
1026 2409 1143 2491 quippe

139 2508 193 2590 qni
208 2521 239 2570 et
248 2507 365 2570 netalis
377 2508 468 2570 fieret
475 2506 650 2571 libertatem
659 2520 749 2570 antea
762 2509 883 2572 habuit.
907 2511 975 2572 Iam
987 2532 1067 2574 vero
1078 2532 1144 2574 non

141 2612 271 2694 amplius
303 2613 419 2675 habere
444 2611 528 2674 illam
554 2611 667 2696 agendi
693 2610 893 2688 facilitatem,
932 2611 1000 2676 sive
1021 2613 1144 2684 firmam
1221 2597 1222 2602 ἵ

142 2715 396 2778 constitutionem
418 2737 483 2778 non
509 2715 608 2777 estin
637 2714 733 2796 ipsius
757 2727 936 2798 potestate,
981 2715 1062 2778 sicut
1086 2737 1145 2778 nec
1171 2739 1172 2744 ¹

142 2827 226 2880 stare
242 2816 275 2879 in
287 2817 353 2879 eius
366 2817 406 2880 sit
416 2829 583 2898 potestate,
598 2817 696 2900 quise
712 2819 750 2880 dc
762 2819 826 2882 alto
840 2816 1045 2900 praecipitem
1056 2819 1140 2895 iecit,

142 2941 212 2982 cum
227 2932 331 2982 tamen
342 2920 519 2982 libertatem
536 2921 681 2982 habuerit
693 2942 726 2983 se
744 2921 971 3002 praecipitandi
994 2923 1052 2984 vel*
1065 2943 1143 2984 uon.

142 3023 188 3086 At
209 3045 288 3089 vero
316 3025 355 3085 ad
377 3023 515 3086 actiones
543 3026 629 3107 quod
652 3023 782 3102 attinet,
804 3045 881 3106 quas
905 3045 945 3086 ex
969 3023 1023 3086 illa
1043 3025 1145 3087 sacili·

144 3139 209 3190 tate
244 3127 327 3210 agit,
381 3147 488 3190 earum
530 3129 679 3211 quasdam
721 3137 829 3207 potest
869 3138 900 3189 et
940 3149 1004 3190 non
1040 3130 1146 3190 edere.

145 3230 335 3312 Quanquam
363 3229 446 3292 enim
471 3230 604 3293 maxime
634 3228 783 3293 credibile
805 3241 853 3292 est
878 3229 980 3292 virum
1010 3230 1147 3311 probum

145 3333 302 3396 editarum
335 3331 473 3398 actiones
495 3333 611 3397 rationi
632 3345 663 3396 et
678 3333 850 3414 ‘prudentia
872 3331 1095 3396 convenientes
1118 3344 1150 3394 et

143 3457 209 3500 non
231 3436 368 3498 abscisse
390 3457 517 3499 necesse
540 3448 587 3498 est
612 3448 647 3498 ut
669 3435 808 3499 actiones
830 3435 892 3498 sint
912 3435 1010 3512 tales,
1042 3435 1149 3518 quales

144 3552 237 3617 sunt,
275 3551 308 3602 et
330 3551 366 3601 ut
392 3560 430 3604 eo
452 3562 553 3623 usque
574 3541 762 3620 procedant.
812 3540 873 3602 Est
903 3538 984 3600 enim
1018 3538 1151 3600 latitudo

147 3645 299 3726 quaedam
323 3642 356 3712 in
379 3642 445 3706 eius
469 3643 593 3727 generis
617 3641 814 3717 actionibus,
846 3653 877 3704 et
902 3641 1026 3704 modica
1054 3639 1149 3704 decli·

146 3747 234 3812 natio
259 3746 292 3809 id
313 3748 352 3809 de
371 3767 435 3830 quo
456 3744 509 3808 bic
532 3745 653 3831 agimus
679 3765 743 3808 non
766 3744 893 3808 evertit.
937 3744 1060 3807 Deinde
1086 3763 1150 3805 non

80 3919 81 3922 ,
149 3845 331 3915 necessarie
364 3849 416 3912 vir
439 3838 561 3931 probus
592 3848 625 3910 id
645 3846 754 3932 deligit
782 3851 938 3932 agendum
963 3849 1050 3929 quod
1072 3847 1149 3930 agit,

148 3958 209 4036 sed·
227 3966 263 4016 ut
289 3949 432 4026 dominus
453 3951 569 4036 aliquid
587 3971 701 4016 eorum
725 3949 817 4014 etiam
831 3971 897 4016 non
916 3949 1040 4034 agendi.
1086 3951 1152 4012 Ra*
