2782 4790
114 548 246 632 aliquid,
280 549 385 612 iinon
412 549 608 632 praedicunt
618 554 656 614 de
677 553 792 616 futuris
815 555 978 639 omnibns,
1004 569 1038 630 ut
1061 593 1116 636 ne-

115 651 255 714 cessario
277 652 405 720 futuris.
452 656 535 716 lum
556 675 634 718 vero
662 654 689 716 si
712 657 815 718 omnia
834 660 936 726 dicant
958 668 1026 732 Diis
1050 695 1118 740 esse

114 755 187 818 talia
209 767 244 816 ut
270 755 340 817 fieri
364 756 505 837 possint,
543 755 604 820 iam
631 769 662 819 et
687 779 766 842 quae
791 761 877 825 fieri
883 750 947 830 non
965 791 1117 854 possunt,
1176 779 1178 784 ’

115 860 198 939 apud
226 857 316 920 Deos
340 871 431 921 erunt
456 858 529 921 talia
555 855 636 942 quae
662 859 732 926 lieri
753 878 912 944 possunt,
929 891 981 934 ac
986 891 1120 960 propte

115 979 168 1023 rea
194 977 261 1024 non
292 973 445 1042 poterunt
472 963 612 1042 probare
639 984 699 1044 per
730 970 988 1052 praenotionem,
1027 1003 1122 1063 quam

82 1095 85 1100 ·
114 1063 167 1128 Dii
187 1059 305 1125 hahent
333 1065 370 1126 de
397 1067 492 1126 rebus
514 1063 649 1140 suturis,
681 1069 785 1132 omnia
807 1093 887 1156 quae
908 1075 987 1140 fiunt
1012 1099 1120 1148 netes

114 1165 198 1230 sario
216 1165 298 1229 fieri.
344 1165 379 1230 Si
397 1187 476 1229 vero
500 1177 610 1229 eontra
636 1173 849 1236 concesserint
871 1199 951 1260 quae
972 1183 1042 1248 fier-i
1064 1211 1120 1254 ne
1172 1213 1174 1220 ’

115 1244 255 1352 qiieunt‚
280 1267 373 1330 etiam
395 1271 478 1349 apud
494 1268 583 1332 Deos
609 1281 676 1332 e'sse
699 1273 794 1352 talia,
818 1277 879 1340 iam
896 1283 1032 1361 primum
1047 1290 1121 1356 illos

115 1373 282 1442 ostendere
309 1383 440 1452 oportet
469 1371 554 1434 illam
572 1373 676 1440 talem
701 1381 943 1470 praenotionem
968 1407 1037 1452 esse
1063 1415 1119 1456 eo-

111 1496 180 1537 rum
204 1495 285 1564 quae
307 1473 377 1556 fieri
405 1477 577 1556 possunt,'
602 1476 713 1540 deinde
736 1502 805 1546 eam
830 1483 900 1547 Diis
915 1491 1118 1560 adscribere.

111 1575 222 1660 Neque
250 1577 332 1638 enim
355 1575 482 1640 evidens
517 1590 582 1655 est,
617 1601 719 1666 neque
748 1586 848 1650 exiis
878 1611 958 1672 quae
979 1594 1059 1659 liunt
1086 1599 1119 1662 in
1166 1614 1172 1626 ·

112 1679 261 1743 confesso
280 1678 437 1760 positum,
455 1681 563 1744 ,talem
586 1685 825 1763 praenotionem
847 1691 1029 1760 futurorum
1051 1721 1120 1766 esse

114 1785 195 1864 apud
217 1781 319 1844 Deos.
376 1765 421 1844 At
437 1804 502 1876 ¹nos
528 1805 630 1866 neque
653 1787 875 1856 divinationem
904 1819 1007 1882 neque
1029 1803 1120 1869 Deo·

111 1903 179 1946 rum
203 1882 445 1966 praenotionem
471 1885 628 1965 tollimus,
667 1893 724 1952 sed
747 1908 845 1974 prout
870 1919 922 1962 res
947 1914 1059 1970 natura
1085 1931 1120 1974 se

110 1988 249 2064 habent,
273 1987 318 2052 ita
340 2003 395 2052 eos
417 1987 676 2074 praesignificare
699 1985 841 2062 dicimus.

548 2177 684 2244 XXXI.

174 2297 289 2380 Neque
312 2298 405 2361 etiam
440 2297 608 2362 auferimus
637 2303 813 2370 hominibas
840 2309 1002 2379 utilitatem
1026 2333 1119 2402 quam

112 2421 152 2462 ex
186 2399 378 2464 divinatione
407 2421 519 2482 capere
548 2417 698 2483 possunt,
749 2411 821 2492 quia
851 2413 921 2480 lieri
949 2433 1056 2501 potest
1085 2437 1119 2488 ut
1206 2483 1207 2486 ,

108 2501 178 2584 quis
202 2502 321 2586 aliquid
344 2515 470 2578 caveat,
496 2507 583 2586 quod
604 2507 723 2592 alioqui
745 2515 904 2581 eaviturus
920 2543 984 2586 non
999 2524 1116 2604 fuerat,

108 2604 168 2669 nisi
159 2605 258 2668 Deo
280 2618 442 2669 monente·
485 2605 531 2669 At
552 2607 597 2670 illi
620 2610 674 2692 qui
696 2612 759 2675 vim
782 2617 999 2688 divinatricem
1022 2631 1117 2710 attol

106 2708 193 2784 lunt,
234 2719 266 2770 et
288 2714 356 2770 e'am
379 2709 505 2772 delendi
532 2724 648 2793 negant
681 2736 796 2796 posse,
835 2722 896 2787 nisi
926 2747 963 2790 ea
992 2731 1115 2796 ratione

107 2831 201 2924 quam
223 2809 285 2894 ipsi
306 2824 480 2894 sequuntur
503 2823 534 2876 et
554 2813 618 2876 hoe
646 2827 778 2882 utuntur
806 2842 1012 2910 argumento,
1052 2857 1117 2918 qno

108 2912 213 2995 omnia
234 2913 374 2995 probent
390 2915 486 2978 Fato
482 2915 582 2999 geri,
607 2931 828 3004 praeterquam
851 2933 938 3010 quod
954 2933 1022 2997 veri
1041 2939 1119 3004 nihil
1204 2996 1206 3000 .

109 3014 235 3092 dieunt,
273 3016 371 3078 multa
392 3019 436 3078 de
453 3016 540 3080 Diis
554 3018 660 3081 dieunt
689 3023 808 3128 absum
839 3041 871 3090 et
893 3032 962 3096 Diis
993 3039 1117 3104 minime

109 3103 342 3200 convenientia
388 3119 560 3198 Quomodo
584 3119 665 3184 enim
688 3146 752 3187 non
776 3128 837 3190 sint
860 3135 996 3215 absona,
1037 3163 1116 3226 qnae

107 3219 152 3282 illi
181 3223 219 3283 de
249 3219 318 3283 Diis
349 3217 476 3282 dicunt?
525 3222 607 3286 Cum
637 3225 717 3288 enim
747 3229 843 3314 aliqui
875 3239 1027 3305 adversus
1060 3267 1116 3310 eos

109 3323 287 3406 disputant,
326 3345 383 3385 eur
413 3323 440 3384 si
469 3337 580 3388 cuneta
609 3331 654 3390 de
676 3333 861 3404 necessitate
883 3338 980 3418 fiunt,
1020 3368 1116 3428 quae·
1167 3421 1168 3424 Ἴ

110 3427 180 3488 dam
203 3426 333 3488 oracula
356 3425 498 3487 dentur
489 3449 521 3488 ιιι
543 3430 666 3495 consilii
695 3437 841 3513 modum,
880 3443 969 3523 quasi
998 3449 1051 3530 qui
1080 3473 1117 3518 ea

13 3597 15 3608 ἦ
110 3528 259 3604 audiunt,
305 3528 429 3610 possint
463 3531 505 3592 ob
534 3528 567 3592 id
599 3536 687 3614 quod
718 3537 882 3604 audierunt
915 3546 1032 3631 aliquid
1064 3569 1117 3620 aut
1214 3601 1217 3612 ι

110 3651 224 3694 cavere
247 3642 300 3692 aut
304 3631 448 3706 lacere,
481 3644 513 3693 et
534 3635 658 3714 adhoc
680 3638 826 3704 adferunt
849 3649 1010 3730 oraculum
1031 3657 1115 3724 Laio
1210 3705 1213 3714 ι

110 3734 215 3796 datum
237 3755 297 3818 per
312 3736 399 3816 quod
413 3733 537 3852 Apollo
553 3735 688 3814 Pythius
712 3737 782 3805 euin
805 3762 972 3816 monetae
995 3756 1114 3826 liberos

112 3849 217 3898 serat:

141 3949 146 3954 ·
256 3935 259 3944 “
805 3951 822 4010 7
