2782 4790
1105 392 1186 454 163.

152 553 244 616 Perit
269 552 369 640 igitur
397 554 474 624 iilud
498 557 632 632 forte,
669 560 794 639 quando
820 580 879 622 nce
903 559 933 622 in
959 559 1161 642 oppositione
1233 543 1237 551 ι

150 655 288 721 metendi
314 669 345 718 et
363 679 428 750 nou
441 660 587 732 ‚metendi
609 659 715 722 locum
734 663 847 737 habet,
880 685 949 724 cnm
973 635 1159 750 alterutrum

150 763 268 822 horum
296 762 477 826 necessario
505 761 546 826 sit
580 749 788 839 eventurum,
828 785 930 848 neque
955 766 987 828 in
1010 787 1049 830 eo
1074 769 1161 852 quod

149 884 349 947 consequens
382 877 431 928 est
455 865 566 928 utrivis
594 864 679 946 parti
705 865 794 932 istius
821 868 987 944 disiuncti;
1021 883 1053 932 at
1083 871 1161 934 illud

146 969 262 1032 sorte
291 979 359 1030 erat
379 970 462 1033 uude
486 968 683 1036 inferebatur
709 969 890 1054 ambiguum
918 985 1068 1058 eventus,
1104 996 1160 1037 au-

148 1071 254 1136 fertur
275 1091 357 1156 ergo
383 1083 415 1134 et
434 1071 519 1146 ¹illud
544 1057 748 1156 ambiguum.¹
787 1073 873 1136 Huic
899 1077 1160 1159 argumentosa-

147 1175 361 1252 eileobviam
385 1173 505 1251 ibitur,
536 1175 564 1237 si
590 1174 748 1258 dicamus:
778 1197 849 1240 cum
875 1198 935 1240 vos
955 1171 1020 1242 hoe
1043 1178 1161 1258 dicitis,

146 1279 175 1342 si
196 1291 294 1341 metes
317 1280 486 1358 noniorte
500 1291 630 1354 metes,
651 1279 740 1358 ,sorte
761 1299 830 1360 pon
848 1292 967 1357 metes,
991 1284 1173 1364 quomodo.

146 1380 251 1446 uelitis
277 1403 399 1464 ponere
427 1382 506 1449 illud
525 1393 685 1460 metes,
704 1451 708 1460 ,
725 1404 767 1458 an
782 1393 824 1445 ut
851 1379 1085 1460 necessarium,
1119 1379 1162 1474 an'

144 1497 180 1550 ut
193 1497 324 1553 euentus
342 1485 506 1570 ambigui?
533 1485 572 1549 'Si
589 1498 624 1548 ut
642 1497 773 1563 eventus
792 1485 950 1571 ambigui,
974 1486 1036 1550 iam
1057 1489 1156 1550 habe·

145 1611 215 1652 mue
237 1588 270 1652 id
289 1591 380 1673 quod
398 1588 600 1670 quaerimus,
626 1590 757 1668 sivero
780 1601 815 1652 ut
836 1589 1071 1666 necessarium,
1095 1589 1157 1671 iarn

101 1682 104 1698 ³
144 1693 283 1774 primum
302 1692 336 1756 id
361 1691 455 1756 vebis
482 1692 575 1756 vultis
605 1692 736 1756 concedi
757 1704 792 1753 ut
809 1691 1029 1774 perspicuum,
1070 1679 1157 1780 quod

144 1797 249 1877 ipsum
268 1795 302 1874 in
325 1795 519 1878 quaestione·
536 1807 595 1866 cst.
641 1795 764 1860 Deinde
787 1794 834 1858 sie
863 1816 974 1858 verum
1002 1796 1064 1860 erit
1082 1817 1156 1862 om-

143 1899 222 1962 nino
241 1901 325 1962 huuc
348 1919 418 1962 esse
439 1921 636 1974 messurum,
660 1919 762 1982 neque
777 1897 885 1962 ¹locum
904 1897 1023 1962 habere
1037 1900 1157 1982 poterit

140 2002 239 2077 illud,
279 2004 367 2084 quod
387 2004 427 2064 ab
450 2000 527 2082 ipsis
552 2002 684 2066 dicitur:
708 2013 754 2088 at
779 2023 859 2064 vero
886 2013 939 2064 aut
960 2013 1078 2078 metes,
1103 2015 1157 2065 aut

141 2127 209 2168 non
232 2117 344 2168 metes.
391 2106 563 2186 Quomodo
582 2105 683 2180 enim,
709 2125 780 2168 cum
799 2105 933 2168 alterum
950 2103 991 2166 sit
1008 2125 1154 2168 necessa·

143 2209 213 2284 rio,
239 2210 372 2281 alterum
393 2209 433 2272 sit
456 2195 567 2273 eorum
594 2229 672 2290 quae
698 2207 768 2271 fieri
790 2218 964 2289 nequeant,
996 2197 1086 2271 locus
1114 2207 1154 2273 sit

142 2313 196 2375 isti
218 2311 401 2384 donationi?
433 2312 582 2387 Atvero
601 2323 654 2374 aut
675 2313 739 2374 hcc
761 2310 819 2372 erit
845 2321 898 2372 aut
920 2310 1020 2386 istud,
1053 2309 1095 2372 ita
1117 2323 1153 2383 ut

142 2437 206 2479 non
226 2418 380 2496 procedat
398 2413 565 2496 illisquod
585 2417 692 2504 modo.
704 2414 913 2478 conabantur.

599 2610 629 2679 §-
654 2606 688 2666 11·
706 2587 724 2688 ,“

207 2729 353 2793 Alterum
383 2749 462 2798 vero
491 2737 710 2810 argumentum
738 2727 769 2789 in
796 2729 891 2790 rebus
918 2739 965 2809 est
990 2727 1146 2812 positum,

140 2845 322 2913 tantamque
343 2830 374 2892 in
401 2852 433 2892 se
461 2829 671 2893 difficultatem
695 2830 820 2907 habet,
848 2843 883 2894 ut
908 2833 1023 2896 multos
1054 2823 1151 2895 'etiam

142 2934 444 3018 eruditos-coegerit
464 2935 637 3007 concedere
657 2935 860 3011 sententiam,
893 2956 972 3017 (piae
996 2935 1147 3014 ancipites

140 3051 273 3108 eventus
295 3037 390 3100 tollit.
434 3037 588 3100 Procedit
603 3047 706 3100 autem
726 3027 766 3128 eri
788 3037 843 3100 tali
863 3039 1054 3118 partitione:
1071 3037 1145 3114 Dii,
1194 3109 1196 3113 ,

140 3142 226 3204 aiunt
234 3169 248 3216 ,x
285 3151 337 3202 aut
374 3140 498 3204 definite
534 3151 652 3228 norunt
689 3151 820 3202 eventus
850 3139 1047 3220 ancipitium,
1094 3152 1148 3204 aut

139 3245 257 3306 nullam
280 3242 408 3330 omnino
428 3245 466 3304 de
485 3242 521 3306 iis
539 3243 657 3306 hahent
674 3235 932 3324 perceptionem,
956 3253 1010 3304 aut
1029 3243 1146 3304 habent

139 3348 355 3431 cognitionem
379 3345 588 3423 indefinitam,
620 3346 701 3411 sieut
725 3367 797 3408 nos.
848 3347 948 3428 Atqui
975 3348 1060 3412 credi
1079 3368 1144 3430 nou

138 3453 235 3512 debet
252 3450 403 3534 ignorare
423 3447 539 3532 aliquid
556 3471 662 3524 rerum
682 3448 807 3532 eosqui
828 3461 940 3512 cuneta
963 3453 1146 3531 producunt
1178 3529 1180 3534 Ι

139 3575 177 3618 ac
203 3554 399 3637 gubernant,
442 3551 642 3633 qui'rnentes
670 3565 741 3614 sunt
768 3552 897 3616 omnino
925 3553 1143 3635 impermixtae

137 3679 210 3718 cum
232 3653 379 3730 materia,
412 3665 464 3716 aut
489 3655 613 3736 potius,
652 3654 677 3716 si
702 3656 893 3747 loquendum
921 3669 967 3718 est
990 3658 1141 3732 exactius,

139 3761 194 3842 qui
220 3779 295 3822 vere
318 3779 413 3840 super
435 3758 533 3839 ipsam
556 3758 784 3840 proprietatem
811 3759 1036 3846 intelligentem
1058 3761 1143 3834 exsi-

139 3861 283 3926 stentiam
306 3883 394 3924 suam
419 3862 606 3924 collocatam
637 3861 764 3922 habent.
810 3864 921 3945 Neque
951 3864 1031 3928 enim
1058 3865 1144 3926 dice·

135 3985 207 4038 mus
234 3978 286 4030 aut
306 3987 383 4032 casu
398 3964 555 4036 exstitisse
577 3967 657 4030 hanc
678 3986 785 4063 renum
808 3978 952 4032 naturam
977 3979 1069 4065 atque
1090 3989 1143 4047 or,-
