2758 4790
287 455 348 520 494

286 611 420 726 φύσεις,
440 617 537 700 ίππος
561 627 621 710 μέν
647 612 698 687 ότι
721 617 753 702 ἐξ
775 613 897 701 ἵππου,
926 624 981 687 καὶ
1003 613 1250 711 ἄνθρωπος-,’
1233 645 1281 688 οτι

285 717 537 819 έξάνθριόπου,
565 727 620 791 καί
642 717 786 804 τοιόςδε,
820 713 872 789 ίίτι
891 723 925 788 έκ
947 723 1085 790 τοιοῦδε.
1119 719 1226 790 Ἔστω
1249 726 1330 792 δέ

286 855 440 922 συνεργος
457 855 478 910 η
500 827 560 894 τοῦ
581 824 705 904 παντὸς
723 820 817 913 φορά
837 826 1053 916 συγχωροῦσα
1067 850 1105 891 το
1092 823 1202 894 πολὺ
1220 833 1285 904 τοῖς

283 936 485 1022 γινομένοις·
521 927 667 997 ἔστωσαν
693 931 729 997 δὲ
750 925 833 1020 πρὸς
855 927 896 993 τά
922 929 981 996 τοῦ
1005 925 1160 1017 σώματος
1183 927 1285 997 πολλά

285 1035 477 1125 σωματικοῖς
497 1029 658 1114 διδόντες,
694 1026 910 1122 θερμότητας
933 1038 989 1100 καί
1009 1027 1124 1126 ψύξεις
1150 1039 1207 1101 καὶ
1226 1057 1285 1101 σω-

204 1207 208 1214 ,
284 1135 402 1229 μάτων·
418 1130 550 1229 κράσεις
572 1130 891 1214 έπακολουθούσας·
912 1136 980 1213 πῶς
1000 1135 1058 1203 ὀῦν
1081 1134 1124 1207 τά
1140 1133 1214 1220 ἤθη
1235 1141 1286 1202 καί

286 1239 329 1310 τά
348 1234 604 1329 ἐπιτηδεύματα,
638 1244 693 1306 καὶ
717 1233 866 1326 μάλιστα
891 1233 951 1327 ούχ
977 1230 1043 1305 ὅσα
1064 1241 1158 1308 δοκεῖ
1178 1233 1287 1332 κράσει

286 1339 444 1434 σωμάτων
461 1335 626 1412 δουλεύειν
642 1343 688 1423 4),
711 1336 782 1409 ὁίον
802 1336 1031 1433 γραμμάτικύς
1056 1357 1109 1422 τις
1138 1349 1194 1410 καὶ
1214 1369 1288 1430 γεω-

285 1445 437 1540 μετρικός
460 1451 516 1514 καὶ
536 1439 740 1532 κυβευτικὸς,
770 1449 826 1511 καὶ
846 1445 948 1513 τῶνδέ
966 1469 1018 1525 τις
1039 1447 1190 1534 έυρέτης;
1220 1449 1288 1514 Πο-

210 1579 212 1584 ·
284 1553 386 1643 νηρίοί
410 1552 446 1618 δὲ
468 1546 580 1631 ἤθους
599 1542 925 1640 παράθεῶνόντων
952 1549 981 1630 4)
1011 1551 1080 1629 πῶς
1106 1547 1149 1618 ίίν
1174 1549 1288 1630 δοθείη

286 1661 342 1724 καὶ
368 1645 452 1732 ὅλως
483 1647 548 1743 ὅσα
572 1653 723 1737 λέγονται
753 1645 882 1719 διδόναι
906 1649 1008 1733 κακά,
1044 1648 1243 1743 κακούμενοι
1262 1653 1289 1734 4)

286 1749 339 1825 ότι
359 1751 515 1840 δύνουσι,
536 1759 592 1821 καὶ
618 1745 670 1821 ότι
691 1749 756 1820 ὑπὸ
776 1755 838 1841 γῆν
858 1757 1018 1848 φέρονται
1044 1747 1150 1849 ίίςπερ
1173 1751 1289 1850 διάφο-

285 1856 346 1952 ρόν
370 1883 402 1926 τι
422 1852 681 1949 παρασχόντων,
703 1859 732 1924 ἐι
752 1854 836 1949 πρὸς
860 1855 948 1947 ἡμᾶς
972 1853 1119 1942 δύνοιεν,
1139 1856 1210 1927 ἀλλ’
1234 1853 1288 1926 οὐκ

185 1953 186 1958 ¹
285 1962 336 2034 άεί
358 1965 408 2032 ἐπὶ
426 1962 574 2058 σφαίρας
595 1957 752 2054 οὐρανίας
769 1964 957 2056 φερομένων
976 1960 1136 2056 καὶπρὸς
1157 1959 1217 2045 τὴν
1233 1963 1289 2049 γῆν

181 2082 185 2098 '
285 2065 345 2151 τὴν
375 2062 478 2148 σίυτίην
509 2061 647 2153 ἐχόντων
679 2067 807 2154 σχέσινς
846 2061 929 2132 Οὐδὲ
961 2069 1093 2134 λεκτέον
1120 2061 1164 2146 ὡς
1195 2063 1289 2144 σίλλος

285 2167 388 2239 όίλλον
413 2166 491 2237 ἰδὼν
517 2170 594 2251 τῶν,
610 2167 702 2236 θεῶν
729 2161 799 2234 κατ’
823 2163 927 2251 άλλην
951 2175 1006 2237 καί
1037 2165 1146 2252 ἄλλην
1179 2164 1290 2238 στάσιν

282 2276 412 2400 χείρων
424 2268 446 2355 ἢ
472 2273 627 2364 κρείττων
653 2271 793 2358 γίνεται,
828 2261 872 2350 ἰός
903 2296 937 2338 τε
965 2272 1211 2353 εὐπαθοίίντας
1234 2277 1289 2362 μὲν

284 2372 372 2465 ἡμᾶς
396 2377 432 2472 έύ
451 2399 571 2456 ποιειν,
593 2373 787 2456 κακούνδὲ,
756 2373 838 2441 ὲέι
855 2369 1034 2459 τάναντία,
1056 2371 1148 2445 σἰλλά
1167 2378 1291 2501 μᾶλλον

249 2537 252 2544 .
286 2475 329 2560 ὦς
353 2481 490 2588 φέρεται
513 2483 574 2566 μέν
598 2479 704 2544 ταῦτα
729 2478 779 2545 ἐπὶ
808 2479 953 2572 σωτηρία
973 2503 1037 2548 των
1058 2471 1165 2563 ὅλων,
1195 2481 1289 2573 παρέ-

209 2659 214 2666 ,
282 2609 378 2673 χεται
408 2585 444 2650 δὲ
472 2587 528 2650 καὶ
555 2577 657 2662 α’λλην
682 2561 795 2728 χρείαν
821 2605 880 2664 την
906 2583 966 2651 τοῦ
994 2585 1040 2662 έις
1068 2579 1161 2652 αυτοὶ
1191 2577 1289 2674 ύίςπερ

284 2681 472 2808 γράμματα
484 2674 734 2770 βλέποντας)
704 2679 903 2766 τ)οός
869 2707 928 2768 την
951 2681 1113 2770 τοιαύτην
1137 2712 1290 2807 γραμμα-
1364 2699 1365 2704 ’

285 2785 378 2910 τιμὴν
405 2782 536 2866 έιδότας
556 2735 855 2872 ἀναγινώσκειν
817 2813 860 2854 τοι
878 2791 1043 2876 μέλλοντα
1065 2793 1102 2858 ἐκ
1127 2793 1195 2860 τοῖιν
1219 2814 1291 2911 σχη·

284 2886 398 3013 μάτωγ
415 2885 502 2958 κατά
521 2886 560 2957 τὸ
578 2883 744 2977 ἀνάλογον
765 2886 1069 2980 μεθοδεύοντάς
1034 2919 1074 2961 το
1094 2889 1291 2984 σημαινόμε

284 3017 361 3076 νον,
361 2984 472 3115 ίίςπερ
490 2992 517 3061 έί
529 3017 580 3072 τις
595 2995 686 3093 λέγοι
702 2995 747 3077 ⁵),
769 2989 877 3078 ἐπειδὴ
894 2991 1064 3094 ύίμηλός”
1043 3021 1154 3092 ορνις,
1179 2995 1292 3086 σημαί-

285 3121 334 3167 νει
353 3091 488 3192 ὑψηλάς
509 3119 602 3175 τινας
617 3084 765 3189 πράξεις.

347 3285 479 3374 Λοιπὸν
503 3307 539 3372 δὲ
561 3300 640 3374 ἰδεῖν
661 3301 720 3386 τὴν
742 3306 979 3372 έπιπλέκουσαν
1006 3305 1034 3387 4)
1065 3311 1126 3375 και
1146 3301 1222 3376 όῖσν
1241 3329 1294 3375 συ·

284 3406 457 3501 νείρουσαν
484 3402 639 3500 ἀλλήλοις
670 3400 780 3474 πάντα
812 3411 867 3475 καὶ
899 3403 938 3474 τὸ
969 3408 1037 3487 πῶς
1064 3404 1142 3536 σἰφ
1157 3407 1294 3478 ἑκάστου

285 3505 556 3630 έπιφέρουσαν’
536 3511 641 3602 αρχην
670 3511 848 3630 τιθεμένην
881 3509 977 3600 μίαν,
1021 3507 1080 3607 εἶφ’
1117 3503 1162 3597 ἧς
1189 3509 1295 3584 πάντα

284 3604 370 3718 κατά
394 3609 515 3699 λόγους
545 3610 785 3708 σπερματικοὺς
809 3611 841 3696 4)
847 3613 1057 3740 περαίνεται.
1108 3613 1213 3689 Ἔστι
1239 3621 1296 3707 μέν

284 3712 344 3784 όυν
363 3721 420 3783 καὶ
447 3710 531 3796 σίύτη
558 3710 578 3797 ἡ
607 3710 731 3796 δόξα
714 3713 809 3802 εγγύς
840 3717 959 3799 ἐκείνης
990 3712 1050 3799 τὴν
1085 3721 1207 3789 πᾶσαν
1244 3721 1295 3786 καί

283 3817 440 3907 σχέσιν4)
469 3821 525 3884 καὶ
553 3817 678 3900 κίνησιν
704 3813 864 3910 ἡμετέραν
888 3843 923 3886 τε
951 3824 1006 3887 καὶ
1033 3820 1156 3890 πᾶσαν
1184 3825 1220 3892 έκ
1240 3821 1296 3904 τῆς

280 3919 347 3988 τῶν
374 3911 459 3988 ὅλων
477 3919 588 4015 ψυχῆς
605 3912 693 4002 ἥκειν
709 3915 876 4008 λεγούσης.
913 3916 964 3988 ’Eo
987 3927 1042 3990 καί
1063 3921 1232 4008 βούλεταί
1248 3949 1295 4002 τις

282 4017 360 4111 ἡμῖν
373 4027 429 4092 καὶ
440 4018 590 4104 ἑκάστοις
605 4024 809 4115 χαρίζεσθαι
826 4017 872 4102 ἒις
885 4017 924 4091 τὸ
935 4019 1010 4116 παρ’
1026 4019 1125 4112 ἡμῶν
1135 4031 1243 4099 ποιεῖν
1252 4051 1292 4104 τι,
