2828 4792
1070 462 1109 524 te

102 653 171 716 tque
196 651 233 692 ne
256 627 317 692 alia
337 627 422 692 licet.
475 629 565 712 Quia
584 629 664 692 enim
690 651 767 695 nou*
784 633 873 696 aliter
894 631 991 707 litent,
1031 653 1110 715 quae

109 737 192 797 fiunt*
215 753 274 815 per
292 720 480 808 animantia,
518 731 578 797 nisi
603 734 740 797 annuens
758 747 925 799 moveatur
950 735 1109 819 appetitu,

107 838 176 901 inde
203 829 364 918 estquod
386 834 523 898 animans
548 837 775 922 rem'aliquam
801 831 977 921 approbet'a
1010 859 1112 922 neque

107 941 186 1008 enim
217 941 277 1015 fit,
312 939 339 1024 si
362 937 442 1001 absit
465 939 673 1022 approbatio:
711 943 789 1004 haec
811 942 843 1004 in
864 953 1021 1024 potestate
1044 965 1112 1006 esse

109 1045 214 1107 dicunt
236 1042 421 1120 animantis,
447 1065 517 1104 cum
539 1053 642 1104 tannen
665 1047 707 1106 ab'
727 1067 766 1108 eo
788 1067 915 1108 necesse
937 1047 1034 1108 {uerit
1054 1045 1114 1109 ista

107 1147 150 1209 sic
177 1145 263 1208 fieri.
318 1147 431 1228 Neque
453 1145 534 1229 enim
557 1155 684 1226 poterat
713 1146 803 1208 aliter
831 1168 864 1208 se
898 1169 949 1210 res
971 1149 1112 1211 habere:

107 1250 307 1314 nihilominus
329 1259 455 1324 tamen,
491 1243 576 1330 quia
587 1268 637 1309 res
659 1269 760 1331 neque
784 1250 822 1310 ab
838 1249 907 1318 'alio
929 1249 1000 1312 fieri
1021 1263 1114 1331 pote·

107 1365 173 1430 rat,
212 1373 317 1436 neque
351 1351 412 1414 alio
449 1353 565 1426 modo,
601 1361 773 1432 propterca
808 1373 876 1414 eam
908 1373 975 1416 rem
1008 1353 1113 1416 dicunt

105 1457 201 1521 fuisse
224 1456 256 1518 in
278 1459 437 1537 potestate
454 1453 636 1517 animantis.
681 1453 789 1536 Atque
810 1456 873 1518 hoc
895 1455 998 1538 ipsum
1020 1456 1112 1520 etiam
1164 1507 1171 1526 a

107 1563 144 1624 de
167 1581 275 1622 remim
304 1557 432 1620 aliarum
461 1555 593 1640 singulis
624 1555 728 1619 dicere
750 1558 878 1621 licebat.⁵
944 1561 1025 1623 Nam
1055 1581 1114 1624 nec

107 1666 194 1748 quod
215 1660 403 1746 perignem
423 1660 480 1736 fit,
518 1659 552 1722 id
580 1681 640 1742 per
668 1681 736 1723 rem
765 1661 854 1723 aliam
875 1662 945 1726 fieri
966 1675 1111 1746 poterat,

106 1789 207 1851 neque
235 1765 429 1848 perignem
457 1763 548 1826 aliter
581 1769 673 1846 quam
714 1763 940 1829 calefaciendo.
1007 1767 1114 1848 Quare

106 1893 173 1932 cum
197 1889 280 1953 quae
301 1889 361 1949 per
383 1867 489 1950 ignem
511 1866 603 1941 fiunt,
628 1866 719 1928 aliter
739 1867 811 1931 fieri
828 1865 994 1951 nequeant,
1020 1893 1114 1954 quam

108 1973 309 2036 calefaciente
324 1971 416 2058 igne3
440 1982 471 2032 et
493 1966 757 2034 eo'calesaciente
780 1971 949 2048 exsistant,
973 1994 1037 2035 non
1060 1997 1112 2036 ca·
1166 2047 1169 2054 ¹

105 2076 271 2140 lefacieute
297 2095 361 2137 uon
383 2072 552 2147 assistent,
592 2084 684 2132 erunt
712 2074 792 2134 haec
821 2095 949 2158 quoque
970 2074 1002 2137 in
1027 2075 1113 2160 ignis

107 2191 276 2262 potestate.
321 2177 472 2258 Idemque
496 2177 533 2236 de
556 2195 592 2236 re
623 2175 734 2258 quavis
765 2175 824 2238 alia
857 2176 961 2238 dicere
993 2177 1112 2241 licebit.

108 2284 191 2363 Quid
213 2301 295 2343 vero
317 2279 421 2341 multis
445 2278 551 2341 verbis
576 2299 678 2360 opus,
710 2279 764 2341 ubi
785 2299 836 2341 res
859 2280 1020 2344 manifesta
1042 2281 1116 2362 est?¹

105 2387 155 2450 De
177 2383 344 2449 vocabulis
368 2381 443 2465 ipsis
472 2403 537 2445 non
558 2382 746 2444 invidemus.
799 2383 862 2445 Sed
886 2369 977 2465 ‘qrrod
1006 2385 1117 2462 existi-¹

107 2502 191 2553 mant
212 2488 285 2569 plus
308 2507 341 2547 se
364 2479 482 2567 aliquid
503 2484 708 2547 animantibus
724 2485 864 2548 tribuere
880 2487 964 2550 circa
980 2509 1016 2550 ea
1032 2511 1113 2570 quae

28 2633 30 2662 .
106 2593 185 2655 fiunt
206 2611 266 2674 per
289 2581 475 2663 animantia,
511 2590 720 2670 siriamrebus
743 2589 809 2651 aliis
830 2611 890 2672 per
912 2611 988 2672 quas
1012 2575 1137 2673 aliqua*

106 2697 204 2771 fiunt,
238 2709 309 2756 cum
331 2689 408 2754 nihil
430 2691 514 2754 aliud
536 2713 630 2775 quam
648 2691 802 2755 'vocabuli
823 2692 1026 2778 privilegium
1049 2695 1114 2756 ani·

106 2797 273 2862 mantibus*
286 2794 477 2871 concedant,
515 2796 580 2858 hoc
612 2805 659 2856 est
692 2798 780 2878 quod
808 2795 921 2860 merito
950 2796 1114 2880 anguium
1139 2793 1144 2798 ⁸

107 2902 254 2987 nimirum
276 2899 350 2982 quia
372 2909 403 2960 et
425 2910 478 2960 aut
499 2897 560 2978 ipsi
581 2897 730 2960 vocabuli
751 2899 863 2960 latiore
880 2921 938 2961 usu
954 2900 1124 2982 decipiuuae

107 3017 176 3082 tur,
217 3013 272 3065 aut
294 3003 372 3066 alios
396 3002 541 3082 decipere
564 3011 730 3082 quaerunt.
789 3001 962 3064 Praeterea
995 3015 1025 3064 et
1053 3005 1117 3068 hoc

108 3108 139 3170 in
162 3108 224 3172 illis
246 3127 312 3169 non
333 3104 490 3174 immerito
513 3103 644 3168 minetur
673 3101 805 3184 aliquis,
845 3125 909 3186 quo
940 3105 1057 3170 inducti
1085 3107 1116 3170 in
1143 3099 1146 3108 ¹
1212 3116 1215 3133 '

108 3212 258 3274 motione
271 3247 273 3256 ι
287 3208 443 3292 appetitus
474 3219 567 3290 atque
589 3206 621 3267 in
642 3205 875 3287 approbatione
896 3221 1016 3288 potumi
1039 3229 1117 3289 ope-

108 3315 199 3378 randi
221 3307 423 3376 libertatem:
453 3313 535 3372 trude
558 3309 641 3372 etin
665 3308 808 3374 omnibus
832 3308 1037 3372 animantibus
1059 3332 1116 3392 pa·
1144 3327 1146 3334 '

109 3419 189 3480 riter
212 3417 402 3498 idpommt.
435 3409 555 3496 'Atque
570 3414 698 3481 libertas
722 3412 836 3496 agendi
856 3433 921 3476 uon
943 3411 974 3473 in
997 3435 1036 3475 eo
1059 3413 1118 3480 sita

111 3535 157 3585 est
171 3509 184 3598 ,Ἴ
206 3517 311 3605 ‘quod
333 3518 386 3580 ubi
403 3515 488 3582 ¹visio
512 3515 623 3578 accidit
653 3507 817 3592 animanti,
855 3515 888 3578 id
903 3515 905 3522 ⁴
919 3515 1056 3584 animans
1087 3511 1146 3582 vi'

111 3614 223 3707 sinapio
247 3625 337 3686 cedat
359 3621 448 3702 triso,
473 3632 504 3682 et
525 3617 717 3700 appetitione
740 3631 905 3680 moveatur
927 3621 966 3680 ad
987 3619 1019 3682 id
1033 3624 1119 3704 quod
1147 3617 1150 3626 ⁴

112 3728 173 3790 sibi
203 3721 416 3791 obversatur:
451 3725 507 3786 sed
534 3721 637 3804 possit
664 3719 697 3784 id
724 3720 809 3784 forte
838 3721 962 3786 efficere
984 3745 1020 3805 ac
1041 3746 1119 3813 pro7
1145 3721 1152 3752 ²

112 3832 189 3894 bare
224 3828 380 3892 actionem
411 3847 480 3889 esse
513 3837 626 3906 sponte
662 3836 851 3904 susceptam.
916 3821 1023 3908 Atque
1055 3849 1119 3890 non
1145 3815 1149 3838 ⁵

111 3933 195 3998 idem
219 3915 274 3996 est
288 3941 403 4012 sponte
421 3928 544 4011 ¹aliquid
566 3928 618 4012 agi
640 3927 725 4009 quod
746 3925 857 3988 libere.
903 3927 1024 4010 Sponte
1039 3930 1122 3992 enim

112 4037 148 4100 fit
170 4037 260 4120 quod
273 4025 311 4096 iit
325 4030 557 4114 approbatione
572 4052 636 4094 non
652 4039 779 4096 extorta
792 4050 800 4101 ;
824 4029 922 4090 libere
938 4051 1017 4094 voro
1033 4035 1120 4114 quod

806 4132 825 4190 t
