2758 4790
191 1056 520 1139 BARDES'ANIS
551 1062 669 1138 SYRI
704 1059 1093 1142 FRAGMENTUM.

446 1243 611 1310 Adversus
632 1245 842 1331 Astrologos.

344 1416 463 1485 (Eodem
481 1380 608 1486 Hugoite
627 1415 733 1469 Grotto
752 1417 937 1490 interprete.)

203 1845 383 1916 secuntum
403 1856 545 1910 naturam
566 1848 673 1916 homo·
685 1845 844 1934 gignitur,
876 1845 988 1937 alitur,
1018 1848 1139 1935 gignit,

144 1947 224 2030 edit,
249 1947 347 2030 bibit,
371 1949 506 2026 dormit,
530 1949 683 2026 senescit,
706 1949 854 2013 moritur.
897 1952 941 2014 Et
953 1953 1031 2014 haec
1053 1974 1141 2016 com-

142 2052 248 2115 munia
269 2063 340 2115 sunt
361 2052 539 2116 hominihus
563 2051 706 2117 omnihus
729 2065 760 2114 et
780 2051 873 2114 mutis
896 2053 989 2116 etiam
1004 2053 1142 2117 animan-

142 2155 240 2219 tibus.
283 2157 329 2219 At
351 2168 475 2219 caetera
497 2143 662 2219 animantia
677 2154 777 2218 anima
789 2177 854 2219 non
870 2155 972 2218 aniruo
987 2156 1140 2238 praedita,

124 2243 224 2322 'sicut
245 2271 347 2322 totum
368 2259 416 2322 sui
439 2271 543 2322 ortum
564 2281 696 2322 sexuum
717 2257 912 2339 copulationi
933 2257 1068 2336 debent,
1099 2259 1143 2322 ita

143 2363 243 2426 ferme
264 2364 432 2424 secundum
454 2351 596 2425 namnam
617 2363 776 2439 feruntur..
824 2363 897 2426 Leo
920 2351 1064 2426 carnibus
1087 2384 1145 2425 ve·

143 2465 242 2528 scitur
264 2477 295 2528 et
316 2465 418 2550 laesus
441 2485 474 2528 se
495 2465 674 2539 ulciscitur3
712 2476 743 2528 et
772 2467 815 2528 ob
844 2464 876 2526 id
905 2485 1012 2528 omncs
1034 2465 1161 2529 leones

146 2581 178 2646 ct
202 2568 348 2634 carnibus
371 2580 541 2631 vescuntur
563 2580 594 2630 et
614 2567 809 2631 ulciscuntur
823 2589 904 2630 sese.
939 2568 1027 2652 Agni
1044 2569 1145 2632 herba

144 2671 337 2756 pascuntur3
369 2693 477 2736 carnes
499 2667 564 2735 uon
587 2671 764 2758 attingunt,
800 2683 831 2735 ct
853 2671 929 2734 laesi
950 2691 983 2734 sc
1005 2673 1143 2734 non'ul-
1188 2692 1196 2717 t

144 2776 326 2850 ciscuntur,
362 2779 469 2858 'atque
506 2775 537 2836 id
571 2775 714 2837 omnibns
759 2775 847 2860 agnis
885 2775 1043 2859 ingenium
1083 2787 1143 2837 cst.

144 2878 298 2959 Scorpius
319 2888 439 2960 terram,
459 2877 543 2952 edit,
578 2877 734 2960 laeditque
756 2899 820 2941 non
842 2878 943 2940 laesus
965 2878 1055 2959 ipse,
1088 2899 1144 2940 ve-

142 2993 256 3044 nenata
280 2981 408 3062 cuspide
430 2983 623 3043 verberans:
646 2993 677 3042 et
698 2982 776 3042 haec
797 2981 913 3042 malitia
934 2993 981 3043 est
1000 2980 1143 3044 omnibus

143 3082 292 3165 scorpiis.
336 3083 485 3147 Formica
511 3103 570 3165 per
599 3094 741 3146 naturam
763 3083 853 3146 novit
874 3083 1007 3146 hiemem
1030 3095 1139 3146 ventu-

140 3208 234 3262 ram,
270 3197 302 3248 et
330 3198 446 3248 aestate
469 3197 537 3250 tota
558 3185 706 3250 laborans
728 3185 872 3250 recondit
893 3185 953 3251 sibi
970 3172 1142 3251 alimenta:

144 3303 176 3353 et
198 3289 244 3352 sic
265 3289 411 3359 laborant
431 3289 583 3352 formicae
606 3297 727 3353 omnes.
753 3349 754 3354 ,
781 3291 863 3372 Apis
890 3289 950 3351 mel
970 3287 1144 3353 fabricatur

145 3405 176 3457 ct
190 3393 263 3456 inde
277 3391 433 3474 pascitur,
469 3403 500 3456 et
514 3391 771 3485 sicsfabricantur
793 3413 867 3474 apes
892 3413 1013 3456 omnes.
1033 3405 1036 3410 “
1057 3393 1143 3462 ,Ροε-

144 3519 212 3563 sem
240 3497 352 3560 multas
382 3495 506 3558 adferre
536 3495 609 3558 alias
638 3496 759 3579 specics
795 3493 1016 3570 animantium,
1066 3516 1145 3578 quae

145 3622 217 3664 cum
241 3623 259 3672 a
279 3611 390 3663 natura
412 3619 468 3661 sua
489 3610 643 3680 nequeant
666 3600 859 3676 abscedere,
898 3598 1025 3662 multam
1053 3597 1145 3661 nobis

136 3705 298 3786 ¹praebent
320 3701 489 3765 admirandi
517 3700 696 3771 materiamz
734 3706 790 3766 sed
811 3701 952 3766 sufficere
975 3700 1144 3765 arbitratus

82 3813 85 3816 ’
145 3797 214 3872 stim
237 3805 399 3888 productis
422 3804 572 3885 exemplis
594 3815 739 3867 testatum
767 3807 895 3886 facere,
936 3804 996 3869 alia
1019 3803 1144 3888 quidem

133 3907 312 3976 'animantia
333 3931 393 3993 pro
417 3921 584 3999 sanatura
608 3929 685 3992 quae
709 3908 804 3994 ipsis,
837 3910 942 3974 autin
966 3927 1141 3982 commune,
