2782 4790
1064 343 1123 408 111

182 619 246 682 Sed
268 639 308 680 ne
333 615 417 682 illam
442 615 565 698 quidem
600 617 902 700 argumentationem
926 618 1123 694 omittemus,

121 745 180 804 qua
201 721 248 786 illi
269 720 383 784 confisi
411 718 529 801 aliquid
560 739 594 782 se
623 721 710 802 quod
739 722 778 784 ad
805 742 872 782 rem
900 721 940 784 sit
970 723 1128 786 conficere

120 846 215 907 posse
239 823 429 886 existimant.
475 820 528 890 Sic
560 821 641 884 euim
675 821 778 885 aiunt:
817 825 893 890 Nou
921 837 1028 907 potest
1061 847 1129 890 esse

120 928 335 1003 taleFatum,
370 925 445 1008 quin
469 924 511 986 sit
534 923 627 986 etiam
644 922 835 1001 Decretum,
873 949 932 990 nec
952 928 1126 992 Decretum

121 1031 179 1094 uisi
194 1041 226 1092 et
245 1051 339 1106 sors,
363 1049 423 1092 nec
440 1047 531 1102 sors,
556 1026 616 1090 uisi
630 1039 661 1089 et
678 1029 773 1092 sortis
793 1029 991 1106 distributio,
1016 1054 1075 1096 nec
1094 1055 1132 1096 ea

119 1132 180 1205 nisi
205 1132 297 1196 etiam
318 1132 359 1196 sit
387 1134 462 1206 lex,
500 1149 560 1194 neo
587 1130 641 1192 lex
667 1130 726 1194 nisi
753 1131 794 1194 sit
824 1145 911 1195 recta
941 1135 1023 1199 ratio
1049 1157 1130 1218 quae

118 1235 293 1319 praecipiat
321 1256 402 1319 quae
430 1244 503 1296 sunt
530 1233 691 1310 facienda,
737 1234 906 1325 prohibeat
938 1257 1017 1300 vero
1048 1261 1129 1320 quae

119 1339 361 1406 nonfacienda.
406 1337 470 1401 Sed
493 1335 705 1420 prohibentur
726 1338 856 1414 delicta,
893 1338 1132 1420 praecipiuntur

119 1455 208 1506 recte
229 1443 326 1508 iacta.
370 1442 446 1504 Non
460 1425 558 1533 igitur
576 1451 624 1502 cst
642 1441 704 1504 talc
719 1441 852 1517 Fatum,
875 1441 935 1506 nisi
958 1442 1050 1506 etiam
1071 1443 1133 1508 sint

119 1558 250 1628 peccata
258 1557 300 1622 tet
315 1556 402 1608 recte
420 1545 522 1625 sacta,-
539 1545 596 1606 sed
611 1542 638 1606 si
656 1543 716 1630 sint
733 1556 864 1625 peccata
884 1557 916 1608 et
934 1557 1027 1634 recte·
1046 1546 1131 1610 sacta

119 1649 280 1734 sequutae,
311 1669 380 1712 esse
402 1645 570 1722 virtutem,
606 1667 676 1710 esse
698 1645 825 1724 vitium,
859 1651 946 1730 quod
973 1649 1001 1714 si
1026 1649 1153 1722 virtus⁴

121 1765 169 1816 est
195 1764 226 1814 et
258 1751 387 1828 vitium,
427 1761 474 1813 est
506 1749 623 1833 aliqtud
649 1733 841 1827 honestum,
877 1751 996 1834 aliquid
1020 1765 1129 1835 turpe.

123 1857 222 1938 Quod
244 1867 349 1924 autem
363 1855 560 1931 honestum,
583 1853 756 1918 laudabile:
792 1856 879 1936 quod
904 1867 1021 1938 turpe,
1045 1856 1131 1920 vitu·

121 1959 277 2043 perabile.
321 1959 398 2022 Non
423 1978 503 2041 ergo
526 1956 669 2039 sequitur
698 1956 724 2020 si
745 1957 807 2020 tale
826 1957 873 2020 'sit
898 1959 1031 2034 Fatum,
1057 1959 1135 2024 nihil
1242 2039 1247 2046 Ι

122 2084 194 2128 esse
209 2061 367 2126 laudabile
387 2072 439 2124 aut
462 2059 684 2140 vituperabile.
728 2059 831 2142 Atqui
851 2059 1020 2124 laudabilia
1037 2061 1133 2146 digua

123 2163 289 2250 praemio,
313 2162 535 2246 vituperabilia
557 2161 714 2244 supplicio
737 2161 851 2251 digua:
886 2164 994 2244 Quare
1007 2187 1135 2228 rursum

123 2268 377 2351 consequitur,
416 2267 444 2330 si
468 2267 530 2328 tale
552 2266 667 2328 Fatum
693 2265 751 2342 sit,
785 2267 870 2330 nulla
897 2268 969 2334 lore
996 2268 1135 2349 praemia

125 2365 178 2436 aut
207 2371 375 2454 supplicia.
433 2370 479 2436 At
508 2381 554 2431 est
579 2368 752 2450 praemium
782 2370 915 2434 honoris
950 2371 1133 2447 attributio,

124 2497 231 2558 poena
252 2495 332 2538 vero
355 2471 543 2536 emendatio.
601 2473 680 2542 Nou
700 2493 781 2556 ergo
810 2473 953 2555 sequitur
974 2475 1001 2536 si
1023 2476 1138 2538 Fatum

126 2579 168 2644 sit
189 2578 272 2654 tale,
296 2577 413 2642 nullam
433 2577 507 2648 lore
528 2576 660 2640 honoris
694 2575 930 2641 attributionem
958 2578 1137 2661 nullamque
1172 2571 1173 2574 ¹

127 2680 390 2752 emendationem.
408 2678 623 2759 Quodsihacc
635 2679 678 2742 ita
689 2700 723 2772 se
737 2681 866 2756 habent,
883 2679 956 2744 hinc
968 2680 1134 2763 consequi·

127 2798 192 2861 tur,
217 2785 277 2850 etsi
294 2785 376 2851 Fato
391 2783 468 2846 fiant
490 2802 569 2864 quae
592 2782 693 2859 liunt,
717 2804 786 2846 esse
801 2795 903 2846 tamen
925 2795 1012 2847 recte
1031 2785 1133 2860 sacta,

129 2909 200 2961 esse
216 2887 440 2964 delicta,‘esse
450 2887 558 2951 laudes
578 2898 609 2948 et
625 2884 892 2968 vituperationes,
917 2907 985 2950 esse
999 2887 1138 2969 praemia

129 3005 162 3058 et
179 3013 312 3077 poenas,
337 3011 406 3072 esse
424 2991 589 3054 honorum'
601 2987 820 3054 attributioues
837 3001 868 3052 et
894 2991 1140 3056 emendationes.

554 3197 726 3261 XXXVI„

198 3303 246 3366 At
264 3302 346 3365 enim
367 3301 399 3374 ,si
420 3301 479 3366 ista
501 3300 606 3366 dicere
629 3322 647 3363 a
670 3304 764 3365 rebus
788 3300 1059 3366 circumstantibus
1084 3320 1139 3363 co·

130 3419 267 3492 ¹guntur,
292 3403 378 3489 digni
396 3415 468 3467 sunt
486 3403 599 3486 quibus¹
616 3404 820 3488 ignoscatur:
844 3409 947 3486 neque
965 3425 1023 3466 uos
1041 3423 1140 3484 opor·

130 3522 182 3572 tet
202 3508 357 3574 sollicitos
376 3528 444 3570 esse
469 3509 506 3570 de
527 3506 564 3570 iis
583 3529 662 3588 quae
684 3507 730 3570 illi
749 3528 790 3569 ex
808 3506 990 3573 necessitate
1013 3505 1139 3581 dicunt,
1171 3523 1173 3528 ·

137 3633 240 3696 neque
261 3611 333 3674 illos
368 3613 405 3672 de
429 3610 466 3676 iis
492 3609 546 3694 qui
568 3611 606 3672 ab
628 3609 704 3690 ipsis
727 3611 922 3688 dissentauea
951 3610 1139 3682 defendunt,
1246 3643 1249 3650 =

138 3713 391 3798 quandoquidem
416 3725 447 3778 et
475 3733 581 3776 earum
599 3733 679 3794 quae
702 3711 829 3789 dicunt,
873 3726 903 3776 et
929 3725 1142 3794 eorumquae

139 3818 294 3892 sentirent,
330 3838 423 3880 causa
451 3828 498 3883 est
531 3816 585 3880 vis«
604 3835 717 3884 ¹rerum
757 3815 1044 3880 circtuustautiumz
1083 3835 1140 3879 nec

140 3920 304 3986 accusandi
328 3931 399 3984 suut
428 3920 481 4002 qui
499 3919 545 3986 sic
566 3916 689 3990 velsio
717 3919 908 4001 loquuntur,
945 3941 1016 3984 oum
1037 3930 1072 3980 ut
1094 3901 1164 3992 'sio
