2804 4786
1060 399 1120 462 tet

180 591 182 598 ¹
209 576 247 640 nt
265 567 497 632 necessitatem
509 563 589 647 soti
606 563 786 642 corfirmet
805 567 939 634 invitus.
967 565 1123 645 (Schult-

138 663 140 668 ’
205 667 304 748 bees.)

141 766 176 847 7)
204 758 422 852 ὀνομάτων
442 771 516 852 μὲν
536 760 614 852 γὰρ
636 763 722 844 cte]
751 766 800 830 Ita
815 765 924 832 Havn.
947 767 1032 832 Edd.
1049 761 1123 835 dno-

203 861 315 954 μάτων
333 872 394 954 μὲν
415 862 482 933 ὀῦν.

138 970 174 1050 8)
202 965 249 1038 δι’
274 958 325 1038 ὧν
345 968 406 1049 τι]
433 969 568 1034 Α11.1.
592 964 624 1036 δ’
647 958 691 1036 ὧν
711 994 763 1048 τις
783 971 910 1036 vitiose.

139 1074 174 1156 9)
203 1067 255 1139 ἐπ’
278 1068 389 1163 ἀντῷ
410 1097 450 1138 τι
471 1072 601 1152 ἒῖναι]
626 1072 756 1156 Optima
776 1074 856 1138 haec
875 1075 970 1140 lectio
989 1077 1122 1140 debetur

202 1175 257 1238 uni
279 1174 393 1240 Codici
415 1175 524 1240 Havn.
555 1177 640 1242 Edd.
664 1171 709 1242 ἐπ’
734 1170 824 1267 ἀντῷ
845 1180 991 1248 τιθέναι.
1027 1179 1101 1262 (Ο.)

119 1280 173 1360 10)
200 1273 259 1346 ὑπ’
283 1274 437 1358 ἄντοῦ]
459 1278 537 1343 Ald.
563 1281 594 1342 1.
616 1273 682 1346 ὑπό
703 1303 763 1346 τον
785 1279 911 1345 vitiose.

39 1423 44 1436 ·
119 1402 173 1482 11)
201 1400 255 1492 τῷ
276 1401 387 1475 divae
407 1401 582 1491 λογικῷ]
605 1401 713 1464 Havn.
736 1398 775 1467 τὸ
798 1401 1026 1493 ἐῑναιλογικῷ.
1046 1403 1124 1467 Non

202 1468 297 1568 mile.
367 1503 463 1568 Haud
498 1503 694 1568 sollicitanda
724 1516 828 1569 tamen
863 1505 994 1590 vulgata
1025 1504 1122 1571 lectio

201 1607 248 1699 τῷ
260 1608 344 1674 ε’ῐναι
358 1605 500 1698 λογικῷ,
523 1610 607 1690 quia
621 1611 814 1674 coerctione
827 1608 1024 1692 praeditus..
1047 1607 1105 1688 (Ο.
1107 1611 1121 1689 )

118 1710 172 1793 12)
202 1734 279 1776 κατ
275 1705 455 1790 dorcic]
483 1711 592 1773 Havn.
607 1713 663 1774 και
677 1733 812 1786 ταυτας
855 1710 918 1772 Sed
931 1711 1012 1774 bene
1025 1712 1123 1774 habet

202 1814 386 1898 vulgatum·
410 1815 544 1878 inillis.
566 1811 640 1894 (O.)
664 1810 792 1877 Codicis
813 1813 1003 1877 Havniensis
1023 1814 1123 1879 lectio

202 1915 382 2000 requireret
402 1927 569 1999 praeterea
589 1914 622 1978 in
645 1915 897 1979 antecedentibus
920 1911 1122 1982 omissionem¹
1204 1918 1206 1923 ’

200 2017 400 2104 pronominis
422 2012 445 2084 11
467 2019 576 2082 ante³
561 2017 657 2099 εἰκει,
679 2039 759 2102 qnae
780 2019 863 2083 ratio
884 2018 1009 2083 minime
1031 2021 1119 2085 vide-

201 2135 256 2187 tur
277 2123 473 2204 spernende3
504 2114 528 2186 οὶ
549 2120 628 2184 oriri
648 2132 776 2204 poterat
797 2143 839 2186 en
859 2123 1060 2205 praecedenti
1081 2122 1120 2187 11·

202 2239 272 2290 tera
293 2251 329 2290 α.
372 2225 485 2308 (Oasp.
507 2222 626 2304 Orell.)

120 2323 220 2414 13)
203 2333 333 2399 οποῖα
354 2323 576 2426 φαίνεται]
612 2323 665 2386 Sto
685 2321 820 2386 Aldinae
842 2333 873 2388 et
888 2317 1041 2390 Cascl
1020 2351 1123 2415 ομοιοι

205 2433 360 2555 φαίνεται
373 2431 482 2495 Lond.
497 2425 732 2512 proculdubio
735 2437 886 2509 typorum
900 2449 1025 2494 errore.
1048 2431 1123 2514 (Ο.)
1185 2479 1188 2484 .
1266 2471 1270 2482 .

120 2527 226 2617 14)‘'
206 2561 272 2603 οτι
292 2531 332 2603 τί
359 2527 466 2628 λόγῳ
487 2531 614 2599 τοῦτο
636 2520 826 2610 δόξαν]“’
806 2553 858 2596 οτι
879 2543 965 2596 recte
987 2534 1127 2600 abestin

205 2641 315 2704 Havn.

120 2738 222 2826 15)
206 2737 300 2810 οὐτε
321 2740 360 2810 τί
379 2736 463 2809 ποτ’
488 2733 645 2808 ἐστιν’
626 2733 727 2806 αοτὸ
749 2731 845 2805 dieo
879 2739 920 2806 ἐν
951 2739 1033 2808 τίνιΙ
1059 2738 1122 2829 yi-

203 2843 342 2924 νετοιι]
386 2844 440 2909 Sic
466 2842 584 2926 optime
614 2840 702 2907 God.
721 2842 831 2906 Havn.
864 2842 949 2906 Edd.
973 2837 1048 2911 ὀύτο
1069 2836 1123 2912 ὅτι

204 2942 275 3016 ποτ’
300 2948 388 3014 ἐστιν
409 2941 497 3037 ἀντῷ
520 2940 594 3011 idne
616 2942 650 3012 ἔν
670 2968 736 3010 τινι
755 2943 889 3029 γίνεται.
932 2944 995 3007 Sed
1010 2967 1123 3019 venun
1172 2940 1175 2946 ’

203 3050 268 3128 inin
288 3047 366 3114 vidit
388 3047 533 3115 Grotius.
555 3047 630 3129 (Ο.)
663 3046 749 3110 Mox
770 3047 822 3110 vel
843 3048 994 3132 λέγουσιν
1015 3051 1122 3116 delen-

207 3155 299 3228 dum,
336 3151 389 3216 nel
409 3143 739 3246 antep‘pdvpdeeoov
759 3148 876 3214 excidit
897 3139 960 3218 ὅτι.
1008 3156 1122 3239 (Oasp.
1185 3226 1187 3232 s

210 3256 331 3336 Orell.)

122 3355 177 3438 16)
202 3349 270 3434 Ὡς
297 3349 374 3445 γὰρ
407 3348 517 3444 ἄλλῳ
549 3353 590 3419 ἐν
618 3346 729 3443 ἄλλῳ
757 3347 803 3416 τὸ
825 3350 957 3432 dinae]
1001 3353 1124 3437 Recepi

206 3457 455 3522 emendationem
477 3454 595 3519 Caselii
616 3476 711 3518 sensu
731 3452 904 3539 flagitante.
929 3451 1057 3521 Caetcri
1079 3452 1124 3534 ὡς

206 3559 269 3654 γὰρ
292 3558 400 3638 ἄλλως
420 3556 509 3652 ἄλλῳ
531 3553 570 3624 τὸ
592 3559 684 3624 divae.
706 3555 779 3638 (0.)
804 3558 1041 3622 Emendendum
1061 3580 1124 3642 po-

206 3664 268 3728 tius
301 3675 387 3729 erat:
427 3656 488 3740 Ὡς
509 3656 573 3752 γὰρ
596 3654 706 3737 ἁπλῶς
734 3661 768 3726 ἓν
795 3656 885 3752 ἄλλῳ
907 3656 946 3727 τὸ
978 3663 1061 3729 ἐῐναι
1089 3673 1126 3724 ut

179 3767 290 3832 'infra
309 3789 386 3852 pag.
409 3767 463 3831 52.
487 3761 528 3832 τὰ
550 3759 589 3830 δι’
613 3757 704 3849 ἡμῶν
724 3756 835 3841 ἁπλῶς
855 3764 996 3849 γίνεται,
1029 3784 1125 3847 quum

206 3863 296 3960 ἄλλῳ
318 3871 353 3935 δὲ
376 3871 410 3936 ἐν
430 3865 520 3960 ἄλλῳ
542 3888 619 3932 mox
639 3876 795 3930 recurrat.
838 3869 951 3949 (Coep.
973 3867 1093 3942 Orcll.)

123 3973 178 4050 17)
206 3972 246 4039 ἐν
267 3970 320 4060 τῷ
341 3970 515 4064 λογικῷ]
538 3971 571 4038 ἐν
592 3967 695 4035 addidi
717 3989 788 4034 oum
809 3968 917 4038 Havn·
940 3978 971 4032 et
994 3964 1102 4031 Casel.
