2758 4790
1061 435 1123 504 223

115 621 135 664 a
166 609 279 664 natura
312 597 354 666 cit
385 598 596 677 indefinitum,
642 601 802 665 invehitur
833 613 868 668 ut
896 601 939 668 ita
967 602 1067 668 dicam
1087 604 1121 669 id

116 706 203 788 quod
224 713 353 767 nostrae
374 716 422 766 est
446 702 626 786 potestatis.
679 705 777 786 Quod
802 718 904 769 autem
924 705 1017 771 nobis
1039 708 1120 772 deli-

117 805 262 892 gentibua
280 805 359 884 fiet,
382 807 445 870 hoc
468 807 676 883 enituerunt,
707 807 875 872 falsumve.
920 810 1017 889 Quod
1039 833 1120 876 vero

114 919 271 992 potestate
292 920 356 987 est,
392 909 498 972 differt
520 910 559 972 ab
585 930 642 985 eo,
682 913 769 993 quod
795 911 976 975 habitudine
998 925 1029 976 et
1048 925 1120 979 actu
1234 935 1236 940 ·

114 1033 184 1076 esse
207 1010 332 1075 dicitur.
376 1013 459 1075 Nam
480 1014 567 1094 quod
587 1023 744 1093 potestate
766 1033 834 1077 esec
861 1013 991 1092 dieitur,
1037 1016 1118 1100 apti·

114 1114 252 1178 tudinem
284 1117 438 1198 quandam
479 1115 637 1200 significat
671 1114 703 1177 in
735 1136 775 1179 eo
815 1117 870 1199 qui
904 1119 1118 1194 habitudinem

114 1220 253 1281 nondum
299 1229 346 1281 est
388 1220 532 1301 adeptus.
604 1217 658 1282 Sic
688 1239 770 1300 puer
806 1231 963 1301 potestate
996 1221 1118 1286 dicetur

114 1319 258 1384 literana·
286 1333 356 1397 aut,
391 1333 445 1385 aut
474 1321 591 1386 tibicen
616 1333 670 1384 aut
693 1321 797 1385 faber.
852 1322 925 1386 Erit
944 1305 1055 1388 mitem
1080 1325 1114 1388 in

114 1422 293 1488 habitudine
318 1423 409 1488 unius
431 1425 546 1488 horum
565 1437 618 1487 aut
637 1423 797 1507 plurium,
821 1424 876 1488 ubi
895 1426 1056 1504 didicerit,
1085 1439 1117 1491 ct

113 1526 326 1591 habitudinem
356 1527 417 1592 erit
445 1540 646 1592 consecutus.
697 1528 735 1591 In
769 1539 842 1591 actu
871 1549 950 1593 vero
986 1531 1041 1593 ubi
1076 1551 1118 1594 ex

113 1630 294 1696 habitudine
319 1631 386 1694 sive
409 1631 558 1696 facilitate
582 1631 750 1715 illaquam
773 1629 806 1692 in
831 1653 865 1694 se
886 1633 982 1696 habet
1001 1653 1116 1717 opera·

113 1731 210 1796 bima.
254 1735 300 1798 At
315 1733 348 1798 id
369 1736 457 1819 quod
475 1735 547 1800 fieri
566 1744 691 1817 potest,
715 1731 793 1794 nihil
815 1745 862 1797 est
886 1733 1015 1798 horum.
1053 1733 1117 1799 Sed

113 1857 184 1898 cum
208 1856 268 1920 per
289 1858 324 1902 ce
341 1839 382 1902 ait
401 1838 595 1902 indefinitum
612 1836 644 1901 in
667 1857 706 1901 eo
728 1838 816 1921 quod
835 1848 963 1900 nostrae
989 1849 1036 1900 est
1055 1859 1116 1920 po·

112 1939 252 2018 testatis,
282 1953 381 2024 prout
402 1940 480 2007 illud
503 1943 566 2006 huc
588 1953 641 2004 aut
664 1939 741 2004 illuc
758 1940 910 2018 vertenti
945 1939 1059 2024 accipit
1079 1950 1117 2004 ut

113 2054 166 2112 tut
188 2063 301 2110 verum
322 2045 380 2124 sit,
410 2057 465 2110 aut
485 2065 551 2112 ιιοιι
571 2044 625 2110 sit·
