2782 4790
1071 389 1130 452 tta

122 571 180 634 per
203 534 365 623 accidens,
397 549 422 611 si
444 551 475 610 id
498 549 620 613 medico
644 551 785 634 accidens
807 541 914 616 suerit.
958 555 1130 620 Praeterea

123 675 181 735 ρει
203 652 346 714 accidens
376 651 512 714 medicus
546 664 594 714 cst
622 674 715 715 causa
744 654 890 718 effectiva
923 657 1127 740 gracilitatis,

121 755 259 836 exempli
288 775 402 830 causa,
434 754 461 816 si
489 753 535 816 illi
567 753 621 836 qui
654 767 798 831 cruatur,
838 758 869 818 id
892 758 1032 823 accidens
1060 762 1131 824 sne·

120 858 173 921 rit.
220 858 326 938 Quum
348 857 446 941 igitur
472 877 638 938 carnarum
667 862 817 939 quaedam
850 881 908 942 per
942 883 993 938 se,
1032 884 1130 945 quae·

122 965 192 1024 dam
222 982 281 1042 ρει
310 959 470 1034 accidens,
514 971 545 1022 et
572 958 654 1022 inter
683 982 790 1022 causas
819 983 936 1043 perse
964 966 1041 1046 poni
1065 983 1131 1030 non

119 1075 227 1147 potest
254 1063 322 1144 ipsa
345 1063 508 1139 Fortuna,
543 1062 699 1144 reliquum
728 1076 775 1127 est
804 1075 839 1130 ut
868 1069 906 1127 ad
935 1089 1043 1130 causas
1071 1091 1131 1151 ρει

120 1166 264 1229 accidens
285 1177 477 1230 revocetur:
502 1186 583 1248 quae
605 1162 687 1226 enim
709 1164 796 1228 finita
818 1189 855 1228 ae
876 1168 941 1230 fixa
959 1184 1047 1246 sunt,
1071 1193 1130 1252 per

119 1269 265 1332 accidens
287 1289 356 1330 esse
378 1289 443 1330 non
463 1277 616 1348 possunt:
655 1289 736 1350 quae
758 1281 861 1332 autem
883 1292 942 1352 ρει
964 1273 1126 1350 accidens,

117 1369 280 1436 indefinita
320 1382 413 1452 atque
448 1370 603 1434 instabilia
640 1382 728 1448 sunt,
777 1372 951 1446 cuiusmodi
987 1377 1130 1442 Fortuna

118 1496 249 1559 quoque
278 1494 345 1536 esse
374 1474 468 1536 solet.
527 1473 692 1538 Indefinita
726 1473 806 1538 enim
836 1497 916 1558 quae
939 1499 1049 1540 catrsae
1070 1501 1130 1560 ρει

117 1599 150 1641 se
174 1587 206 1640 et
235 1575 368 1659 proprie
401 1576 446 1638 sic
474 1574 574 1638 dictae
604 1576 745 1640 accidere
776 1590 926 1659 possunt,
967 1581 1070 1646 omnia
1097 1594 1130 1644 et

117 1682 187 1764 ipsa
211 1701 323 1743 causae
352 1700 411 1761 ρει
440 1677 581 1742 accidens
610 1680 701 1744 fiunt.
761 1681 824 1742 Sed
856 1681 882 1744 si
910 1685 1053 1748 Fortuna
1082 1697 1130 1750 est
1176 1713 1179 1723 ·
1223 1753 1225 1765 ,

116 1806 211 1848 carisa
234 1804 293 1865 per
317 1782 478 1855 accidens,
515 1793 645 1861 oportet
667 1793 702 1846 ut
724 1782 816 1846 alicui
838 1805 1023 1862 causarum,
1048 1810 1128 1870 qrtae

89 1893 91 1898 '
115 1885 252 1970 proprie
277 1884 441 1960 dicuntur,
478 1884 611 1948 aeoidat.
656 1884 761 1964 Quum
783 1885 881 1969 igitur
904 1888 1048 1956 Fortuna
1070 1892 1126 1954 ati.

116 1990 208 2052 euius
231 1987 279 2049 rei
300 1987 447 2049 effectiva
470 2007 562 2048 cansa
585 2008 652 2048 esse
675 1988 800 2050 videtur
818 1983 932 2072 (quae
961 1993 1042 2054 enim
1069 2016 1128 2075 ρει

97 2095 296 2177 ΙΕοιιιιιιιιιιι
318 2102 408 2164 sunt,
439 2111 457 2151 a
479 2090 624 2152 Fortuna
646 2088 774 2154 dicimus
798 2091 868 2153 fieri
888 2104 920 2156 et
941 2092 1024 2158 sacta
1046 2099 1128 2174 esse)

115 2207 205 2260 certe
235 2215 316 2275 opus
345 2205 415 2269 est,
454 2203 489 2254 ut
515 2191 547 2254 in
581 2191 684 2275 aliqua
717 2193 931 2260 effectivarutn
963 2185 1128 2266 causarum

113 2299 212 2374 insit,
251 2297 277 2359 si
299 2298 394 2360 modo
417 2297 521 2359 locum
545 2316 709 2358 causarum
732 2308 896 2363 servatura
917 2297 970 2366 sit.
1027 2299 1128 2384 Atqui

117 2422 232 2466 causae
254 2399 385 2481 proprie
407 2397 572 2464 effectivae
594 2407 673 2460 sunt'
686 2411 814 2477 natura,
850 2421 900 2464 ars
924 2413 955 2464 et
976 2405 1127 2484 proposi.

114 2517 183 2568 turn
207 2502 275 2564 sive
298 2501 433 2574 electio;
464 2501 567 2565 omnia
590 2500 689 2578 enim,
725 2523 806 2584 quae
828 2504 959 2585 proprie
979 2505 1066 2570 finite
1088 2527 1127 2574 ae

114 2619 203 2672 certe
225 2605 372 2668 effectiva
393 2616 482 2680 sunt,
520 2603 622 2688 gratia
643 2604 772 2670 alicuius
795 2605 865 2668 finis
888 2629 942 2684 ea,
982 2630 1063 2691 qnae
1086 2611 1126 2678 ab

114 2710 193 2793 ipsis
209 2709 306 2784 fiunt,
331 2707 479 2772 afficiunt.
524 2709 586 2770 S'ed
608 2706 747 2773 videmus
771 2709 875 2774 omnia
896 2732 976 2792 quae
995 2711 1125 2778 alicuius
1177 2778 1179 2788 ,

115 2813 164 2877 ιεί
186 2834 281 2874 causa
301 2811 399 2886 finnt,
431 2813 471 2874 ab
494 2810 601 2893 aliquo
623 2813 738 2878 horum
760 2811 847 2875 fieri:
880 2814 1006 2878 Horum
1027 2814 1126 2899 igitur

116 2913 348 2982 alicuiaccidit
370 2914 439 2996 ipsa
461 2913 617 3012 Fortuna.
662 2915 767 2993 Quum
789 2936 869 2980 vero
894 2915 925 2978 in
947 2918 1042 2986 rebus
1065 2939 1124 2986 vo·

114 3018 260 3084 luntariis
284 3016 408 3080 videtur
430 3036 498 3078 esse
521 3015 665 3080 Fortuna
687 3019 738 3097 (aa
759 3017 840 3080 enim
863 3019 1041 3086 aFortuna
1055 3021 1125 3090 fieri

115 3123 262 3197 dicimus,
288 3141 423 3202 quorum
440 3118 541 3202 gratia
555 3119 583 3182 si
599 3120 796 3194 statuerimus
819 3141 915 3206 agere
938 3122 1064 3205 aliquid,
1090 3135 1125 3192 nt

116 3249 155 3290 ca
178 3245 397 3308 assequamur,
435 3222 467 3284 in
497 3222 609 3305 quibus
637 3224 753 3290 bonam
776 3224 950 3292 Fortunam
973 3226 1122 3302 dicimus,

116 3342 172 3404 aut
193 3329 220 3392 si
241 3349 305 3391 non
336 3346 558 3408 assequamur,
597 3328 635 3390 de
663 3326 776 3408 quibus
808 3327 920 3392 malam
950 3329 1143 3394 Fortunam·

115 3431 362 3516 praedicamus).
421 3429 564 3492 Fortuna
588 3428 692 3511 itaque
713 3429 848 3495 hominis
871 3431 1125 3496 voluntatemne

115 3534 322 3620 propositum
343 3543 510 3616 sequetur,
535 3543 566 3594 et
587 3531 618 3594 in
640 3533 688 3596 his
711 3554 804 3597 eausa
820 3533 879 3600 erit
893 3553 952 3614 ρει
966 3534 1122 3602 accidens.

117 3638 254 3720 Quoties
284 3636 365 3701 enim
394 3633 485 3706 nobis
520 3632 636 3716 aliquid
668 3657 708 3698 cx
739 3636 908 3716 proposito
939 3638 1121 3722 agentibus,

117 3764 183 3806 non
206 3738 391 3823 propositus
414 3737 484 3804 finis
507 3749 671 3812 occurrat,
696 3749 730 3798 nt
745 3739 945 3816 volebamus,
970 3744 1026 3804 sed
1040 3741 1124 3810 aliud

116 3845 195 3929 quid
217 3865 276 3926 ρει
300 3842 442 3906 accidens
463 3841 535 3915 fiat,
575 3839 656 3902 actio
685 3839 738 3906 itta
770 3862 810 3902 ex
837 3843 1007 3925 proposito
1030 3865 1124 3909 eausa

119 3961 168 4012 est
189 3948 256 4012 eins
279 3947 365 4028 quod
387 3943 541 4018 occurrit,
577 3946 717 4011 sednon
738 3946 913 4024 propositi,
952 3958 1026 4008 tunc
1048 3948 1123 4009 dici-

813 4047 832 4108 9
