2782 4790
650 374 666 399 Ι

1088 394 1146 456 ua
1199 472 1202 478 ,

141 568 219 650 ipsis
250 563 452 629 inscientibus
485 576 517 627 et
548 563 662 628 artium
689 557 807 647 ignaris
836 564 1019 626 aFortnna
1042 575 1145 626 erunt.

139 673 216 739 Nou
240 668 322 731 euim
345 667 399 749 qui
419 667 510 730 saber
532 687 596 730 uon
619 678 683 742 est,
714 687 820 728 rerum
841 663 999 730 fabrilium
1022 687 1145 730 causam

137 773 251 847 novit,
277 791 378 853 neque
401 769 455 852 qui
476 791 541 832 non
564 780 611 832 est
632 768 785 845 musicus,
810 768 1019 844 musicarum,
1043 789 1145 850 neque

137 875 215 940 alius
237 874 320 936 ullus
344 872 419 936 artis
441 872 570 957 ignarus
594 893 631 934 ea
653 892 732 954 quae
762 894 804 936 ex
833 882 899 936 arte
921 871 1000 932 fiuant
1022 891 1145 954 cogno-

135 978 208 1040 scit.
253 977 318 1040 Ars
352 975 434 1038 enim
466 975 497 1038 in
527 972 709 1060 cognitione
738 996 866 1050 comum,
907 993 987 1056 quae
1016 983 1146 1036 exarte

135 1081 236 1156 liunt,
262 1077 424 1159 consistit<
852 1063 856 1074 ⁸

496 1248 579 1332 cap.
615 1245 792 1314 xpum:

563 1373 609 1428 De
627 1375 712 1426 sato.

180 1473 249 1558 'De
269 1493 350 1556 Fato
372 1493 633 1556 considerandum
654 1503 702 1556 est
719 1513 756 1554 ac
776 1488 1027 1574 perspiciendum
1051 1495 1141 1576 quid·

133 1619 207 1660 nam
226 1597 265 1659 sit
289 1597 371 1659 etin
395 1595 521 1678 quibus.
567 1597 648 1660 Esse
668 1595 749 1675 enim
772 1597 886 1658 Fatum
904 1596 977 1658 satis
1001 1618 1148 1660 commu--

130 1701 181 1763 uis
208 1700 371 1763 bominum
401 1698 584 1780 anticipatio
612 1700 761 1762 declarat.
821 1701 943 1761 Natura
971 1699 1057 1762 enim.
1077 1721 1141 1760 ¹uon

133 1814 185 1865 cst
207 1823 288 1865 vana
309 1823 411 1884 neque
439 1801 611 1864 mutabilis.
672 1803 799 1884 Quippe
825 1803 1040 1886 Anaxagorae
1065 1803 1143 1864 fidcs

131 1908 220 1970 hand
255 1917 303 1968 est
331 1906 493 1979 habenda,
539 1907 593 1989 qui
621 1906 780 1969 cornmuni
808 1906 950 1988 opinioni
984 1905 1142 1990 refragari

133 2029 231 2072 ausus
261 2019 321 2070 est.
365 2006 422 2072 Ait
449 2009 531 2073 ¹enim
556 2008 632 2070 nihil
648 1987 727 2070 'esse
750 2009 852 2088 ipsum
871 2009 983 2070 Fatum
1005 2009 1141 2089 penitus,
1194 2045 1196 2048 -

107 2187 113 2192 ·
130 2114 189 2174 sed
215 2096 331 2174 vanum
355 2131 424 2172 esse
447 2131 483 2173 ac
499 2110 697 2173 temerarium
718 2110 750 2171 id
766 2110 914 2173 nominis.
960 2111 1044 2190 Quid
1062 2132 1142 2174 vero

130 2215 173 2278 sit
206 2215 320 2278 Fatum
348 2226 379 2274 et
407 2213 439 2276 iu
476 2215 589 2297 quibus
619 2226 781 2289 versetur,
821 2213 993 2276 eommunis
1031 2213 1143 2295 opinio

131 2317 209 2382 satis
233 2317 393 2399 explicare
415 2339 479 2380 non
497 2330 622 2399 potest:
646 2339 748 2400 neque
770 2318 850 2381 euim
871 2335 977 2380 secum
1000 2317 1060 2398 ipsi
1086 2338 1141 2379 nc-

133 2443 197 2505 que
217 2443 287 2483 cum
307 2422 375 2484 aliis
403 2423 522 2484 dehac
545 2443 579 2484 re
600 2423 771 2484 convenire
788 2435 939 2504 possunt3
972 2423 1059 2484 iuxta
1085 2441 1142 2484 oc·
1214 2440 1222 2450 ‘

130 2524 276 2588 casiones
302 2523 385 2587 enim
415 2537 447 2587 et
471 2525 718 2588 circumstantias
744 2526 928 2588 sententiam
951 2540 1078 2608 quoque
1101 2528 1139 2588 dc

130 2630 217 2692 Fato
243 2639 374 2690 mutant.
419 2628 617 2709 Quandoque
647 2628 728 2692 enim
749 2650 816 2690 rem
845 2628 1086 2710 insuperabilem
1109 2623 1140 2690 et

129 2729 344 2796 brevitabilem
366 2730 480 2794 Fatum
507 2751 575 2792 esse
600 2742 757 2808 statuunt,
789 2743 821 2794 et
842 2733 946 2798 omnia
968 2732 1049 2795 entia
1069 2753 1137 2795 om-

130 2833 251 2917 niaquex
268 2854 348 2916 quae
372 2834 473 2908 fiunt,
504 2834 586 2896 Fato
612 2833 790 2897 subiiciunt.
835 2835 1035 2920 Quandoque
1056 2857 1136 2900 vero

131 2957 190 3001 eos
212 2936 320 2998 audire
341 2935 414 2998 licet
435 2921 570 2998 diceutes
593 2936 711 3018 aliquid
735 2937 862 3018 praeter
884 2941 997 3002 Fatum
1019 2959 1086 3002 esse
1105 2951 1137 3002 et

129 3052 259 3123 praeter
284 3040 431 3102 Parcam.
487 3039 540 3102 Et,
562 3059 655 3122 aptam
685 3039 863 3121 saepissime
890 3042 1002 3125 quibus
1034 3065 1135 3126 neque

31 3221 36 3233 ι
129 3146 261 3208 fortuna
287 3144 399 3203 dextre
418 3142 516 3218 cadit,
548 3162 650 3224 neque
668 3143 797 3206 consilia
823 3156 875 3208 aut
899 3147 1032 3226 propria
1057 3168 1135 3226 pro-

130 3247 237 3328 posita
263 3243 480 3319 stabiliuntur,
525 3247 564 3307 ad
596 3247 709 3308 Fatum
740 3258 887 3330 tauquam
915 3250 955 3311 ad
979 3251 1135 3330 quoddam

130 3349 253 3430 asylum
271 3347 476 3431 confugiunt,
506 3359 538 3409 et
556 3349 680 3432 culpam
702 3371 830 3428 rerum,
855 3373 935 3433 quae
960 3373 1024 3414 uon
1047 3364 1133 3416 recte

131 3466 287 3540 geruntur
301 3464 354 3514 aut
374 3463 482 3536 gestae
496 3453 535 3514 ab
552 3451 628 3534 ipsis
650 3465 739 3529 sunt,
772 3476 789 3516 a
804 3475 838 3516 se
855 3454 886 3516 iu
905 3457 1017 3518 Fatum
1032 3467 1135 3518 uana-

129 3561 255 3633 ferunt‚
288 3567 320 3618 et
348 3555 452 3618 omnia
472 3555 494 3618 ii
516 3567 590 3617 tunc
617 3557 770 3620 affirmant
791 3557 861 3620 ficri
884 3561 1054 3621 secumdum
1072 3561 1099 3624 F
1102 3584 1135 3623 a·

129 3676 219 3734 tum3
257 3659 322 3724 Ubi
343 3679 422 3721 vero
443 3659 573 3723 fortuna
594 3658 626 3722 iu
647 3661 755 3722 melius
777 3660 945 3738 ceciderit,
984 3684 1047 3726 nou
1070 3685 1135 3726 am-

129 3765 212 3848 plius
251 3761 284 3825 in
319 3763 425 3824 eadem
461 3761 612 3825 sententia
636 3775 771 3825 manent.
835 3764 957 3844 Quibus
983 3787 1061 3829 vero
1094 3788 1135 3828 en

131 3865 284 3930 sententia
306 3864 421 3947 aliquid
443 3864 572 3928 cesserit
597 3887 615 3929 a
640 3867 789 3940 fortuna,
825 3867 885 3931 sibi
910 3867 1134 3951 potiusquam

131 3971 213 4035 Fato
240 3989 364 4030 causam
389 3969 471 4032 illius
497 3968 544 4032 rei
570 3969 762 4036 adscribunt.
807 3968 873 4035 Alii
893 3981 964 4034 stant
990 3951 1044 4054 qui
1066 3994 1133 4036 om-
