2782 4790
270 365 311 432 96

283 589 289 598 ,
343 531 388 592 Ἐι
406 531 466 614 γὰρ
487 531 645 610 φυτεύσεις
663 528 761 590 πᾶιδα
779 537 827 602 6),
847 529 1008 594 ἀποκτενεῖ
1026 531 1049 592 σ“
1074 533 1091 594 6
1110 531 1171 612 φύς
1189 541 1228 611 7).

348 634 412 696 Καὶ
430 640 491 702 πᾶς
509 631 563 702 σὸς
582 632 665 702 ὁῖκος
682 633 825 715 βήσεται
831 632 876 694 δι’
887 635 1029 717 ἁέματσς.

273 747 397 835 φασὶν,
434 735 477 818 ὡς
504 733 655 857 κηρύττει
684 733 727 805 τὰ
717 733 994 860 σνγγρύμματμ
1015 736 1140 823 ιἰντύν,
1177 736 1292 838 όύτως,

273 841 376 914 ύντὸν
393 843 535 963 χρῆσαι,
555 837 602 932 μή
625 835 668 920 ὡς
689 835 750 908 οὐκ
771 836 885 908 έιδότα
906 833 978 924 ⁸)‘
958 868 1011 911 οτι
1032 841 1077 932 μὴ
1099 840 1284 927 πεισθήσε·

273 973 330 1016 ται
350 941 492 1028 (πάντως
512 942 577 1036 γὰρ
598 945 726 1032 μᾶλλον
746 940 831 1038 ᾔδει)
852 937 967 1012 666³U
936 970 1001 1015 οτι
1019 949 1122 1034 μηδέν
1142 978 1167 1036 μ
1168 955 1203 1016 ἐν
1223 945 1285 1016 66·-
1314 1034 1315 1037 ρ

273 1051 334 1120 τοῦ
362 1050 514 1117 τοιοῦτον
536 1043 744 1140 χρήσαντος,
777 1042 873 1116 οὐδὲν
901 1047 1011 1135 ἔμελλε
1043 1051 1107 1118 τῶν
1136 1051 1165 1133 ⁵)
1197 1049 1286 1120 κατὰ
1312 1119 1314 1124 ,

271 1151 331 1236 τήν
351 1155 557 1244 περιπέτειαν
578 1148 638 1232 τήν
664 1155 739 1242 περὶ
766 1146 825 1218 τὸν
845 1145 956 1219 Λύϊόν
977 1177 1011 1220 τε
1033 1159 1089 1221 καὶ
1110 1150 1169 1222 τὸν
1194 1151 1285 1224 0656-

271 1280 355 1324 πσνν
385 1258 564 1341 γινομένων
590 1254 766 1341 γίνεσθαι·
803 1248 877 1321 όύτε
905 1251 970 1374 γὰρ
1003 1251 1044 1324 66
1075 1251 1284 1339 ἐξὲθηκενῗό
1381 1289 1382 1294 “

272 1353 383 1437 Λύϊος
405 1355 461 1426 τὸν
477 1352 660 1480 γενόμενον
689 1351 779 1448 ύντῳ
764 1357 924 1439 παῖδα,
946 1352 989 1436 ὡς
1010 1359 1181 1453 ἐξέθηκεν,
1215 1357 1282 1428 666'

271 1457 502 1586 ύναιρεθεὶς
486 1487 504 1528 ο
525 1465 605 1538 παῖς
626 1454 691 1528 ύπό
712 1461 772 1527 τοῦ
792 1455 977 1546 βουκόλον,
997 1487 1055 1530 και
1044 1465 1187 1547 δοθεὶς
1200 1460 1285 1557 πρὸς

271 1565 452 1683 εἐςποὶησιν
473 1564 555 1656 τῶ
549 1562 721 1654 7ὀρινθίῳ
743 1558 913 1654 Πολύβῳ,
940 1553 1129 1656 ἆνδρωθελς
1150 1573 1207 1636 καὶ
1227 1592 1284 1636 πε-

270 1663 467 1787 ριτνχὼν
431 1691 477 1732 τω
462 1667 599 1758 Λαΐῳ
621 1661 707 1734 κατὰ
729 1661 789 1746 τήν
811 1660 961 1748 ὁδὸν,
940 1669 1068 1754 αγνοῶν
1089 1676 1200 1738 τεκαὶ
1221 1666 1285 1791 ύχ-

269 1764 446 1858 νοούμενος
467 1764 652 1838 ἇπέκτεινεν
673 1762 786 1837 ἆντόν.
833 1765 940 1836 06
901 1795 981 1890 χαρ
988 1767 1029 1839 66
1050 1796 1130 1840 ποτε
1153 1767 1196 1852 ὡς
1213 1769 1286 1852 ύιὸς

268 1870 362 1940 ἔνδον
381 1867 458 1963 παρ’
483 1867 573 1964 ἄντι]
601 1866 803 1994 τρεφόμενος
827 1868 920 1954 ¹⁰6²
901 1868 1042 1970 ηγνύησε
1063 1871 1141 1954 τούς
1162 1883 1285 1962 γονεῖς,

269 1969 313 2054 ὡς
334 1971 392 2042 τὸν
409 1971 513 2095 μέν’
494 1975 602 2043 αντῶν
623 1969 830 2056 ἀποκτεῖναι,
866 1973 926 2056 τήν
953 1979 990 2044 δὲ
1020 1980 1060 2059 ¹¹)
1088 1973 1286 2066 ἀγαγέσθαι

270 2075 354 2170 πρὸς
373 2073 495 2198 γόμον.
525 2064 699 2156 Ὅπως’”
660 2102 718 2146 ουν
739 2080 847 2146 ταῦτα
867 2073 977 2147 πάντα
1004 2082 1104 2202 σωθή
1125 2087 1182 2150 καὶ
1202 2087 1286 2166 πλη-

270 2183 370 2276 ρωθῇ
392 2177 431 2248 τό
453 2183 512 2263 τῆς
533 2183 730 2297 έιμαρμὲνης
758 2182 892 2272 δρᾶμα,
930 2184 1123 2276 φαντασίαν
1152 2179 1170 2250 6
1200 2183 1286 2265 θεὸς

270 2282 330 2352 διὰ
350 2287 410 2352 τοῦ
428 2284 637 2404 χρησμοῦ
601 2309 647 2350 τω
632 2283 762 2375 Λαΐῳ
780 2287 940 2375 παρέσχεν
962 2280 1006 2364 ὦς
1028 2288 1197 2380 δυναμένῳ
1220 2316 1286 2383 φν-

270 2382 448 2470 λύξασθαι
476 2383 520 2453 τόν
551 2381 727 2474 λεγόμενα,
763 2393 820 2454 καὶ
849 2389 916 2454 ἐπεὶ
936 2392 1129 2476 μεθυσθεὶς
1151 2393 1286 2462 ἐπαιδο-

268 2486 453 2574 ποιήσατο,
474 2490 609 2573 ἐξέθηκε
630 2486 670 2556 τὸ
691 2484 865 2610 γενόμενον
885 2488 1092 2575 πειέδιον,<
1070 2520 1113 2572 ως
1134 2496 1286 2587 διαφθε-

269 2596 351 2686 ρῶν,
380 2586 453 2676 ήτις
475 2588 659 2686 ἕκθεσις
639 2593 733 2660 αιτία
759 2594 823 2660 τῶν
845 2589 985 2662 ἀνοσίων
1006 2589 1167 2683 μύθων’
1150 2603 1286 2684 εγένετο.

151 2755 156 2762 .
266 2694 362 2766 Ἐἶτα
387 2699 436 2778 τίς
456 2698 564 2765 ταῦτα
588 2699 690 2783 λέγων
713 2698 782 2774 πῶς
806 2694 827 2779 6
821 2692 943 2779 σώζει
966 2697 1146 2787 μαντικήν,
1172 2730 1193 2784 η
1212 2712 1286 2796 περι

194 2791 197 2808 ’
272 2802 366 2870 θεῶν
393 2800 560 2922 ἐνσεβεὶας
587 2802 633 2881 ¹²)
666 2794 815 2866 διδάσκει
841 2795 1100 2922 προλήψεις,
1078 2831 1098 2886 η
1121 2801 1286 2924 χρήσιμόν

272 2931 307 2974 τι
327 2903 524 2974 δείκννσιν’
512 2903 653 2992 ε’χονσαν
674 2899 734 2985 τήν
756 2899 936 2992 μαντικήν,
968 2900 1018 2973 Ἡ
1031 2913 1093 2995 μέν
1116 2906 1181 3000 γὰρ
1201 2937 1286 2998 μαν-

273 3005 348 3092 τική
373 3012 465 3076 δοκεῖ
485 3008 549 3076 τῶν
576 3000 760 3095 μελλόντων
785 3002 1030 3125 προαγόρευσις
1054 3011 1154 3095 εἶναι,
1189 3018 1222 3080 06
1250 3018 1287 3084 δὲ

272 3109 333 3182 τὸν
344 3107 499 3182 Απόλλω
511 3106 652 3192 ποιητὴν
673 3099 718 3178 ὧν
716 3105 955 3230 προαγορεύει
967 3113 1131 3182 ποιοῦσιν.
1154 3108 1285 3234 ’θγύρ

275 3213 336 3286 οὐκ
354 3212 397 3284 ύὶν
414 3210 519 3293 όύτως
538 3215 661 3301 ἐγένετο
682 3209 729 3299 μὴ
751 3213 871 3280 τοῦτον
884 3209 943 3282 τὸν
961 3209 1086 3306 τρόπον
1098 3212 1288 3309 χρήσαντος

274 3321 336 3390 τού
361 3320 468 3398 θεοῦ,
498 3321 555 3386 καὶ
576 3309 599 3383 6
593 3309 679 3382 διὰ
695 3315 794 3382 τοῦτο
820 3310 925 3396 όύτοις
946 3316 1079 3410 ἔχρησεν
1103 3325 1162 3404 ¹³),
1197 3315 1287 3404 ὅπως

276 3428 410 3513 γένηται
437 3418 481 3489 τὰ
513 3415 558 3488 ἐπ’
585 3415 700 3496 ύντοῖς
723 3413 901 3506 γενόμενα,
936 3423 1005 3500 πῶς
1035 3419 1095 3490 ούκ
1123 3424 1205 3516 ἔργα
1226 3429 1288 3496 τοῦ

273 3523 476 3619 χρήσαντος,
509 3519 578 3590 ἀλλ’
611 3518 650 3590 ού
677 3517 819 3610 μήνυσις
843 3523 908 3590 τῶν
939 3525 1117 3613 έσομένωνς
1144 3523 1234 3597 Ἀλλ’
1259 3533 1287 3600 έι

277 3636 334 3700 καὶ
359 3633 411 3698 δεῖ
427 3631 526 3696 πλέον
551 3650 584 3692 τι
605 3626 669 3692 τῶν
693 3621 801 3694 ἄλλων
821 3620 968 3712 μύντεων
982 3626 1065 3747 ἔχειν
1078 3627 1156 3709 τούς
1170 3630 1286 3716 θεούς,

277 3729 322 3814 ὡς
349 3739 408 3801 καὶ·
428 3724 653 3821 σνμπρύσσεὶν
680 3733 750 3806 τοῖς
775 3729 942 3816 ἐσομένοις
961 3727 1045 3852 πρὸς
1064 3729 1104 3800 τό
1127 3735 1288 3820 γίνεσθαι

280 3829 553 3956 συνεργούμενον,
574 3837 631 3899 καὶ
649 3827 715 3922 γὰρ
738 3834 770 3897 06
789 3837 926 3912 ποιηταὶ
942 3829 1041 3900 τοῦτό
1055 3861 1091 3921 γε
1106 3863 1181 3962 περι
1169 3843 1288 3908 θεῶν

276 3936 450 4028 ὑμνοῦντες
472 3929 727 4016 διατελούσιν,“
717 3924 770 4001 ότι
782 3929 860 4024 ἄρα
879 3935 941 4002 έισὶ
962 3937 1158 4029 δοτῆρες”
1122 3967 1205 4009 εαων
1232 3939 1287 4028 ¹⁴),
