2828 4792
1037 428 1156 537 Ι63

149 585 324 666 Quomodo
349 583 442 649 etiam
464 586 535 667 plus
564 584 680 669 aliquid
703 586 756 650 illi
777 609 871 671 quam
904 591 1019 654 caeteri
1044 614 1062 656 a
1084 593 1155 658 Diis

146 699 392 772 consequentum
417 689 669 772 quandoquidem
680 689 781 758 'etiarn
795 690 925 756 istarum
942 713 1048 758 rerum
1064 696 1153 776 priu-

145 791 229 873 oipia
261 792 362 856 multo
389 803 461 854 ante
487 803 577 855 erent
602 801 634 855 et
661 792 749 874 prius
781 815 875 877 quam
904 794 955 860 isti
986 819 1154 862 nasceren-

144 893 226 956 tur?
252 895 426 975 Quomodo
452 916 516 960 non
543 907 574 958 et
599 895 750 960 divinatio
772 898 904 960 tollatur
928 899 1051 962 sublata
1073 900 1152 965 divi·

144 998 282 1062 nationis
314 997 470 1062 utilitate?
509 997 595 1079 Quid
619 999 700 1062 euim
734 1019 814 1080 opus
842 1000 901 1062 erit
924 1001 1046 1066 discere
1073 1005 1153 1086 qnae

144 1108 233 1164 vates
252 1112 402 1177 monent,
435 1112 490 1164 aut
512 1101 587 1184 quid
607 1121 795 1182 percorum
817 1103 936 1166 monita
950 1123 1063 1168 cavere
1082 1107 1153 1189 quis

74 1195 76 1202 ’
140 1201 280 1286 poterit,
305 1203 332 1268 si
347 1204 441 1270 nobis
460 1225 499 1268 ea
512 1215 633 1268 tanturn
647 1207 740 1268 datur
753 1223 970 1288 cognoscere,
994 1207 1055 1269 illis
1070 1230 1152 1276 vero
1265 1291 1272 1302 „

141 1307 430 1392 siguificare-quae
459 1319 492 1372 et
515 1329 575 1372 nos
598 1328 796 1392 cognoscere
831 1319 863 1370 et
887 1319 941 1372 aut
967 1308 1075 1372 facere
1097 1324 1152 1377 ant

140 1431 206 1476 non
242 1411 351 1476 faeere
385 1411 510 1496 singula
544 1421 616 1476 ente
651 1422 757 1474 ortum
785 1422 930 1482 nostrum
965 1412 1150 1476 necessitate

139 1514 327 1578 conclusum
350 1514 442 1580 erat?
464 1516 541 1580 Non
565 1536 646 1600 ergo
668 1535 728 1578 nos
753 1513 918 1602 arbitrium
938 1515 1090 1580 habemus
1112 1537 1149 1582 ea

138 1617 335 1682 observandi
366 1639 446 1702 quae
476 1641 494 1682 a
527 1617 597 1682 Diis
630 1617 941 1701 praesignificantur,
986 1639 1059 1684 eum
1085 1619 1148 1684 iem

139 1720 217 1784 olim
257 1741 372 1786 causae
407 1733 609 1806 antegressae
639 1721 700 1786 sint
735 1741 846 1786 eorum
883 1741 964 1805 quae
996 1743 1056 1806 per
1087 1743 1145 1790 nos
1203 1769 1207 1778 .

136 1833 212 1888 sunt
233 1824 355 1888 sunna.

199 2118 309 2217 Quare
337 2135 431 2202 fenile
458 2147 507 2200 est
535 2135 635 2200 crutis
663 2134 846 2219 perspicere
872 2133 904 2199 in
932 2135 1009 2204 hoo'
1023 2136 1143 2219 placito

134 2261 262 2304 eausam
282 2259 351 2304 esse
368 2241 558 2304 evertendae
579 2239 662 2304 vitae
683 2239 800 2306 totius.
838 2239 966 2304 Falsum
987 2259 1068 2306 vero
1093 2241 1141 2306 in·

91 2327 94 2331 ¹
133 2345 234 2424 su'per
256 2365 324 2418 esse
346 2347 434 2427 quod
452 2347 583 2420 docent,
612 2346 801 2408 documento
820 2343 880 2419 sit,
907 2346 994 2426 quod
1007 2365 1066 2408 neo
1079 2345 1143 2428 ipsi

134 2446 205 2520 talis
230 2447 393 2512 doctrinae
406 2447 574 2530 ‘principes
598 2445 731 2530 obsequi
750 2456 884 2528 possunt
900 2447 959 2522 iis,
997 2469 1078 2530 quae
1100 2451 1140 2517 ab

133 2549 210 2632 ipsis
229 2551 387 2616 dicuntur.
420 2553 470 2615 Ita
488 2551 616 2615 enimin
632 2549 777 2614 omnibus
794 2549 991 2616 sermonibus
1009 2571 1140 2616 con-ser·

133 2664 211 2716 vant
237 2654 433 2731 libertatem,
472 2665 503 2718 et
528 2655 561 2718 id
587 2657 673 2738 quod
693 2674 792 2736 penes
817 2673 876 2718 nos
901 2666 965 2729 est,
1009 2653 1143 2736 quasia

50 2748 52 2751 ’
134 2757 223 2821 nullo
245 2749 382 2840 unquem
403 2757 565 2823 hominum
587 2759 650 2822 tale
673 2761 790 2843 dogma
798 2757 984 2822 ‘audissentt
1021 2757 1140 2838 partim

130 2882 205 2922 eum
227 2861 458 2946 aggrediuntur
475 2884 605 2926 monere
625 2861 726 2954 alios,
764 2871 913 2944 tanquan
935 2860 989 2943 qui
1006 2860 1139 2926 liberam
1240 2951 1243 2956 Ι

131 2964 358 3030 ὶιοο.ἲαοὶεηᾶ]’
380 2966 432 3028 vel
453 2987 518 3030 non
542 2965 677 3030 faciendi
700 2955 837 3028 babeant
857 2974 1069 3049 potestatem,
1107 2975 1141 3028 ot

131 3077 280 3151 tanquam
302 3064 357 3152 qui
379 3071 588 3134 admouentur
611 3089 671 3151 per
689 3089 801 3132 eorum
826 3087 1005 3142 sermones,
1031 3065 1136 3150 aliqua

130 3170 238 3234 faeere
260 3173 403 3254 possint,
428 3195 565 3256 quonum
583 3171 732 3237 fecissent
750 3169 909 3236 contraria
926 3167 1003 3250 ipsis
1028 3181 1136 3236 taeen-

129 3273 233 3338 tibus:
261 3275 377 3357 partim
402 3297 474 3340 cum
490 3278 618 3360 culpant
628 3286 668 3359 ‚et
689 3273 860 3358 obiurgant
882 3273 960 3337 alios
986 3282 1136 3354 tanquam

129 3377 283 3442 iacientes
311 3401 390 3462 quac
418 3401 484 3443 non
514 3383 615 3445 decet.
664 3379 730 3441 Sed
758 3387 789 3440 et
814 3396 913 3458 opera
938 3374 1034 3464 prulta
1056 3373 1137 3440 seri-
1248 3407 1253 3417 ·

27 3503 29 3558 ζ
129 3481 231 3559 bunt,
257 3494 381 3566 etpost
397 3505 432 3548 se
446 3483 644 3566 relinquunt,
668 3503 728 3564 per
743 3501 824 3565 quae
846 3479 958 3542 volunt
971 3476 1135 3543 instituere

129 3586 365 3663 adolescentes,
393 3599 540 3670 tanquam
562 3587 701 3668 quinon
723 3584 951 3666 prohibeantur
975 3580 1035 3643 ista
1056 3581 1135 3644 seri-

128 3687 229 3764 bere,
265 3687 340 3752 ideo
375 3693 462 3773 quod
492 3688 724 3752 circumstantia
753 3687 815 3750 siut
842 3685 933 3749 huius
966 3684 1019 3746 vel
1049 3683 1133 3766 illius

128 3791 237 3868 modi,
270 3794 329 3854 sed
349 3804 385 3854 ut
408 3793 440 3856 in
462 3803 619 3875 potestate
642 3813 697 3852 sua
718 3792 868 3856 habentes
894 3788 927 3850 id
941 3787 1001 3851 'vel
1024 3786 1133 3852 tacere
1195 3831 1199 3839 .

129 3895 180 3956 vel
202 3887 413 3972 nonfacere,
443 3909 577 3960 attamen
600 3895 748 3957 malentes
767 3891 907 3958 scribere
927 3891 970 3954 ob
994 3909 1132 3958 amorem

127 3996 280 4080 ingenus
304 3999 483 4062 humanum.
