2758 4790
120 552 151 606 et
168 541 281 606 Iovem
307 541 521 624 appellamus:
549 541 617 604 Nec
643 540 724 604 enim
746 543 854 606 eadem
878 553 994 606 temere
1016 544 1117 608 domi-

118 657 210 710 natus
246 645 337 709 simul
370 655 400 708 et
440 642 575 708 servitus
610 644 682 708 erit.
738 644 772 709 Si
799 645 867 729 quis
897 667 976 710 vero
1002 667 1044 708 ex
1078 668 1117 714 eo

118 747 325 812 definiendam
351 746 467 812 iudicet
494 746 677 811 servitutem
705 760 758 812 aut
782 749 975 826 libertatem,
1013 762 1119 819 utrum

118 852 188 936 quis
218 851 352 936 imperio
381 850 482 916 subsit
511 873 549 913 an
576 849 698 928 minus,
736 867 800 916 non
826 854 928 918 solum
956 853 1118 918 homiuum

116 976 231 1032 nemo,
270 956 326 1020 sed
353 976 392 1019 ne
421 954 565 1018 Deorum
594 954 718 1036 quidem
752 954 915 1038 quisquam
945 956 1025 1019 liber
1058 957 1118 1022 erit

114 1070 245 1141 praeter
270 1059 402 1122 Iovem:
440 1057 506 1122 aliis
539 1055 683 1120 nimirum
714 1057 849 1149 aliorum
880 1060 1015 1141 imperio
1043 1063 1119 1142 sub-

114 1161 205 1226 iectis
227 1165 369 1246 adeoque
388 1161 618 1236 servientibus,
654 1159 798 1224 omnibus
822 1173 941 1238 autem,
972 1163 1044 1226 inde
1065 1185 1119 1228 us·

116 1287 179 1349 que
199 1287 217 1328 a
238 1265 326 1342 Diis,
351 1263 533 1347 parentibus
555 1263 713 1328 commrmi
734 1263 860 1356 domino
876 1264 961 1330 Iovi.
1006 1268 1119 1350 Neque

114 1379 221 1432 tamen
252 1369 384 1432 molesta
414 1389 548 1450 prorsus
573 1367 659 1431 foret
687 1369 750 1429 hoo
776 1349 872 1431 niodo
905 1368 1041 1432 servitus
1067 1382 1120 1434 aut

114 1471 277 1556 fugienda.
322 1473 404 1534 Nam
431 1472 459 1534 si
486 1473 575 1534 bono
603 1469 737 1534 servitus
766 1492 830 1534 non
863 1471 973 1544 solum*
987 1465 1122 1536 molesta

115 1595 181 1637 non
204 1587 269 1651 est,
294 1577 349 1638 sed
375 1587 405 1638 et
431 1573 558 1656 expedit
580 1586 610 1637 et
630 1573 750 1656 placet,
776 1577 882 1638 eadem
904 1574 1005 1639 videri
1027 1578 1120 1654 debet

114 1676 152 1740 iis
182 1678 237 1761 qui
261 1677 322 1760 ipsi
343 1679 430 1742 bono
456 1677 610 1741 servitmt.
655 1677 729 1740 Non
759 1677 840 1742 enim
862 1677 923 1742 nisi
941 1679 1033 1743 bonis
1054 1679 1119 1744 frui

108 1780 257 1863 poterit,
288 1781 348 1864 qui
371 1782 459 1844 bono
480 1779 612 1844 serviat.
656 1780 753 1860 Quod
775 1779 892 1864 siquis
917 1781 971 1846 illa
996 1783 1119 1847 ratione

113 1905 180 1950 non
200 1883 328 1948 definiat
353 1884 536 1948 servitutem
555 1894 585 1945 et
607 1882 801 1960 libertatem,
819 1935 821 1944 .
836 1886 892 1947 sed
914 1885 974 1947 hac
998 1886 1116 1967 potius,

115 1999 215 2070 prout
232 1986 304 2071 quis
322 1988 374 2048 vel
395 1985 615 2070 prohibeatur,
639 1985 691 2047 vel
709 2007 773 2049 non
787 1986 994 2068 prohibeatur
1009 1988 1119 2067 vivere

114 2102 151 2152 ut
169 2090 255 2164 vult,
294 2089 371 2152 velit
391 2101 495 2166 autem
516 2087 730 2172 unusquisque
748 2088 827 2152 felix
853 2109 920 2152 esse
942 2100 975 2152 et
996 2090 1117 2166 beatus,

115 2204 268 2275 sequetur
290 2191 481 2276 quemlibet,
517 2189 569 2254 cui
586 2191 666 2254 bene
682 2201 746 2266 est,
782 2190 915 2254 liberum
938 2213 1027 2268 esse,
1053 2192 1120 2256 sive

115 2298 174 2358 sub
196 2295 331 2379 imperio
362 2294 428 2359 sive
458 2295 576 2377 absque
602 2295 712 2357 eodem
744 2295 825 2382 bene
854 2306 939 2382 agat.
984 2295 1120 2360 Viveret

114 2399 196 2463 enim
217 2409 253 2462 ut
271 2399 384 2463 vellet:
410 2409 523 2461 contra
551 2418 630 2460 vero
656 2397 812 2460 infelicem
833 2419 935 2482 neque
955 2398 1064 2462 vivere
1085 2411 1121 2463 ut

115 2503 212 2579 velit,
248 2521 308 2565 nec
328 2501 463 2585 proinde
488 2499 622 2566 liberum
647 2507 729 2562 esse.
773 2501 837 2564 Sed
859 2501 1001 2566 infelices
1030 2502 1120 2566 aliter
1172 2533 1174 2540 >

112 2606 257 2668 homines
279 2615 450 2680 nonsart,
475 2602 535 2666 nisi
552 2602 608 2674 ubi
628 2602 702 2666 mali
727 2602 856 2670 fuerint.
901 2605 994 2690 Ergo
1016 2626 1117 2689 neque

114 2707 280 2793 quisquam
304 2707 391 2772 volet
413 2707 512 2769 malus
533 2705 622 2782 fieri,
653 2704 806 2789 siquidem
824 2727 883 2769 nec
903 2706 1014 2771 infelix
1037 2729 1116 2784 esse,

113 2813 171 2874 sed
210 2811 282 2874 mali
313 2809 403 2874 inviti
431 2789 649 2893 delinquent,¹
675 2829 777 2892 neque
806 2810 961 2873 malorum
987 2809 1119 2894 quisque

112 2912 196 2976 liber
218 2914 296 2990 erit,
320 2915 377 2978 sed
402 2911 464 2976 soli
485 2911 562 2974 boni
585 2909 757 2994 probique.
800 2910 856 2975 Dii
873 2933 953 2976 vero
972 2913 1116 2996 puniunt,

112 3038 180 3082 non
206 3028 241 3080 ut
268 3035 387 3098 poenas
408 3013 492 3098 ipsas
522 3011 582 3078 sibi
613 3012 804 3076 constituant
835 3013 952 3091 finem,
992 3028 1045 3079 aut
1081 3039 1121 3082 eo

114 3132 304 3188 convertant
327 3123 478 3194 animum,
514 3119 569 3180 sed
594 3129 629 3180 ut
654 3116 766 3180 delicta
788 3116 966 3203 corrigant.
1011 3121 1119 3202 Quan-

113 3221 285 3304 doquidem
315 3223 397 3284 enim
425 3221 496 3284 lieri
527 3243 591 3284 non
625 3227 773 3304 poterat,
822 3231 858 3282 ut
889 3243 1023 3303 prorsus
1056 3246 1121 3286 non

112 3335 262 3408 peccaret
276 3325 399 3400 ⁴homo,
423 3323 477 3406 qui
498 3323 541 3386 ita
558 3335 626 3388 erat
651 3335 852 3406 comparatus
879 3337 972 3409 atque
999 3348 1017 3389 e
1040 3326 1118 3390 divi-

112 3409 155 3492 na
175 3439 206 3489 et
228 3428 344 3492 caduca
365 3423 483 3491 naturis
506 3426 718 3514 compositus,
753 3429 810 3490 sed
839 3429 972 3492 debebat
995 3428 1119 3512 quidem

114 3532 282 3616 aliquando
309 3531 480 3594 secundum
504 3527 537 3591 id
558 3531 645 3611 quod
674 3542 741 3594 erat
768 3529 799 3593 in
828 3528 898 3615 ipso
922 3530 1060 3600 divinum
1081 3536 1121 3596 ad

60 3643 63 3652 '
114 3645 272 3718 cognatae
310 3646 439 3697 naturae
470 3630 673 3696 imitationem
706 3633 877 3710 excitatus,
916 3637 998 3698 bene
1025 3658 1119 3722 agere

116 3737 290 3821 vivereque
321 3739 430 3814 beate,
471 3734 626 3799 interdum
658 3755 736 3799 vero
771 3757 790 3799 a
824 3749 935 3802 natura
968 3741 1117 3822 abreptus

115 3839 247 3903 mortali
275 3840 336 3904 alio
369 3842 506 3925 quodam
538 3835 677 3902 subsidio
711 3835 824 3901 iuvari.
889 3843 982 3906 Hane
1018 3842 1119 3925 ipsam

115 3942 348 4010 correctionem
376 3943 430 4008 Dii
454 3957 625 4026 poenarum
655 3961 716 4024 ope
739 3942 928 4024 effecerunt,
964 3958 998 4008 ut
1019 3946 1116 4012 bomo
