2758 4790
336 953 342 960 ’
428 972 847 1074 rnoT1u1
935 979 996 1016 ··

319 1181 596 1249 ENNEADIS
624 1183 714 1248 111„
741 1182 899 1254 ulum
926 1187 956 1249 Ι.

1069 1295 1077 1324 Ι

546 1383 598 1437 Dc
622 1385 725 1438 Fato.
757 1393 759 1398 '

709 1514 719 1550 l

535 1571 729 1586 m

334 1729 459 1791 (Eodem
477 1731 604 1798 Hugom
622 1729 728 1783 Grotio
748 1733 937 1802 interprete.)

562 1855 645 1942 Cap.
669 1857 699 1922 Ι.

130 2047 132 2054 ,
198 1979 248 2046 Ea
267 1999 348 2064 quae
370 1991 442 2044 sunt
462 2001 605 2064 quaeque
623 1979 702 2042 fiunt
726 2001 854 2046 necesse
874 1993 1004 2065 estsper
1025 1994 1134 2047 causas

133 2083 206 2148 ficri
220 2068 307 2169 'quae
324 2083 404 2146 fiunt
425 2095 456 2146 et
478 2103 546 2146 esse
564 2104 645 2165 quae
663 2094 752 2160 sunt,
777 2096 830 2148 aut
851 2085 919 2147 sine
936 2105 1029 2148 causa
1046 2099 1135 2149 utra·

134 2209 218 2272 que,
234 2169 303 2250 ‘aut
322 2186 355 2250 in
376 2186 518 2270 curisque
543 2185 602 2250 alia
623 2207 682 2268 per
704 2209 811 2252 causas
831 2188 890 2252 alia
914 2188 981 2252 sine
1006 2189 1130 2265 causis,

133 2293 187 2356 vcl
224 2289 328 2356 omnia
364 2311 444 2373 quac
473 2290 552 2352 fiunt
584 2311 693 2355 causas
724 2291 842 2355 habere
857 2313 879 2360 :¹
909 2312 1022 2355 eorum·
1051 2312 1134 2356 vero

132 2417 216 2480 quae
238 2406 309 2458 sunt
331 2393 390 2456 alia
407 2395 525 2456 habere
543 2415 668 2468 causas,
694 2393 753 2456 alia
771 2414 839 2457 esse
857 2393 924 2456 sine
939 2395 1053 2470 causis,
1078 2405 1131 2458 aut

132 2511 247 2563 contra
273 2518 353 2581 quae
374 2507 445 2560 sunt
466 2497 583 2558 habere
601 2517 727 2574 causas,
752 2518 831 2579 quae
852 2518 932 2562 vero
956 2497 1036 2560 fiunt
1057 2520 1133 2580 par·

130 2603 189 2666 tim
209 2601 348 2676 habere,
385 2598 500 2681 partim
518 2621 583 2663 non
603 2599 743 2677 habere,
779 2611 833 2668 aut
851 2600 944 2682 plane
964 2600 1042 2663 nihil
1063 2622 1133 2664 esse

130 2726 191 2789 per
218 2725 360 2766 causam..
411 2704 451 2766 In
473 2701 605 2765 aeternis
629 2723 708 2788 ergo
737 2723 816 2786 quae
842 2715 913 2766 sunt
937 2702 1056 2786 prima,
1092 2705 1131 2766 ad

131 2807 209 2877 alias
229 2828 337 2872 causas
361 2805 476 2870 referri
491 2815 672 2896 nequeunt,
702 2809 774 2870 ‘cum
796 2795 857 2869 sint
877 2806 995 2889 prima.
1040 2805 1131 2888 Quae

132 2933 214 2977 vero
238 2932 279 2974 ex
299 2907 360 2973 sslis
381 2910 536 2992 pendent,
567 2908 638 2973 inde
659 2909 751 2972 etiam
772 2910 1015 2993 habentoquod
1036 2923 1129 2976 sunt:

131 3013 335 3098 operationes
353 3033 433 3076 vero
448 3010 597 3094 cuiusque
622 3013 662 3073 ad
681 3011 764 3091 ipsas
786 3023 911 3074 naturas
933 3015 1137 3078 referuntora

130 3121 172 3184 Id
197 3117 278 3181 enim
304 3129 351 3180 est
376 3115 518 3198 ipsorum
547 3135 616 3179 esse
649 3115 743 3178 talem
778 3116 817 3178 de
833 3137 882 3177 *sc
914 3116 1130 3196 operationem

127 3242 293 3310 promere.
337 3219 388 3282 De
412 3218 449 3280 iis
475 3239 554 3282 vero
577 3239 657 3302 quae
677 3218 778 3294 fiunt,
821 3230 875 3280 aut
900 3230 973 3281 suut
1004 3219 1129 3301 quidem

131 3345 276 3406 semper,
312 3324 450 3386 sednon
472 3323 601 3384 eandem
625 3342 750 3404 semper
775 3323 815 3384 de
838 3341 874 3383 sc
895 3321 994 3384 edunt,
1015 3343 1130 3403 opera-

130 3430 272 3503 tionem,
312 3424 473 3488 dicendum
500 3423 603 3486 omnia
629 3443 670 3487 ex
695 3423 795 3487 causis
820 3423 909 3498 fieri;
945 3423 1011 3487 siue
1037 3445 1131 3489 carisa
1192 3415 1193 3420 ἵ

133 3553 213 3596 vero
232 3527 344 3614 perlici
366 3525 482 3610 aliquid
501 3547 565 3590 uon
583 3539 630 3588 est
647 3526 879 3610 recipiendum:
902 3548 1007 3610 neque
1024 3528 1133 3591 Iocum

131 3639 228 3700 danto
255 3629 510 3694 declinationibus
533 3629 564 3694 in
593 3629 695 3705 inani,
727 3651 830 3713 neque
855 3630 988 3693 motioni
1010 3632 1131 3694 subitae

132 3713 324 3818 corporum,
366 3753 446 3816 quae
475 3753 515 3795 ex
543 3732 626 3794 nulla
654 3751 690 3794 re
712 3735 924 3818 ¹antecedente
956 3734 1129 3810 exstiterit,

133 3861 234 3923 neque
260 3839 378 3900 animae
404 3835 554 3918 appetitui
583 3847 700 3896 temere
725 3848 860 3910 exorto,
900 3857 969 3898 eum
993 3835 1133 3900 nihileis

17 3969 22 3974 ·
134 3946 221 4028 quod
255 3963 322 4008 eam
350 3950 477 4004 moveat
513 3950 547 4000 ut
578 3950 651 4024 agat
680 3937 772 4000 aliter
802 3959 905 4021 quam
922 3939 997 4004 fecit
1028 3951 1131 4004 antean
