2758 4790
1049 415 1111 479 205
1206 480 1211 491 ,

109 593 162 644 aut
182 580 365 646 differenter
382 583 453 644 data
475 593 544 660 θεῖς
569 603 633 647 non
655 594 787 666 gravate
804 583 894 656 [erri.
937 584 984 648 At
1004 584 1109 650 homi·

32 702 34 708 ·
66 666 75 687 ⁴
110 705 164 748 res
196 684 341 752 eximiam
369 685 521 762 hahentes
550 697 696 775 mentem!
714 697 753 752 ‚et
777 707 954 752 sermonem
984 688 1038 772 qui
1067 703 1111 752 ex'

102 798 210 850 ,mente
239 788 405 869 procedit,
443 789 475 852 in
507 811 546 854 eo
582 792 669 877 quod
701 811 771 852 eum
803 789 869 862 aliis
905 790 1112 856 animantibus

89 872 274 953 'commune
300 892 434 968 hahent,
469 905 642 975 sequuntur
669 905 829 971 naturam,
867 901 902 956 ut
933 895 994 957 iam
1020 895 1108 959 dixi:

109 1005 140 1056 at
164 996 335 1057 secundum
366 997 453 1078 quod
479 996 598 1058 habent
626 996 791 1076 eximium,
826 1019 891 1060 non
925 1019 967 1060 ex
998 1009 1110 1062 natura

108 1095 204 1160 vitam
224 1099 356 1182 degunt.
399 1099 477 1164 Non
503 1098 584 1164 enim
609 1099 754 1162 omnihus
779 1097 861 1171 idem
883 1099 1027 1164 cibatus:
1058 1100 1111 1165 alii

108 1199 188 1267 enim
210 1201 337 1264 leonum
362 1222 474 1278 more,
514 1202 574 1276 alii,
588 1224 744 1290 agnorum
771 1224 863 1266 more
889 1223 924 1266 se
952 1196 1110 1286 pascunt,

107 1323 208 1386 reque
237 1325 318 1370 vero
349 1303 433 1368 idem
455 1306 699 1391 habent·genus
728 1306 843 1382 vestis,
880 1327 982 1390 neque
1004 1329 1111 1372 mores

107 1409 234 1480 eosdem
244 1429 259 1472 ε-
288 1427 353 1472 non
375 1410 482 1474 eadem
506 1409 649 1482 omnibus
669 1411 724 1474 lex
743 1408 870 1486 emilis,
907 1431 973 1475 non
1003 1413 1113 1479 eadem

106 1511 144 1574 ad
169 1531 221 1574 res
244 1515 436 1594 appetendas
458 1513 585 1577 motio:
619 1515 675 1592 sed
702 1513 864 1576 hominum
889 1511 1021 1596 quisque
1046 1535 1110 1597 pro

106 1633 161 1678 sua
187 1615 354 1680 voluntate
376 1615 473 1680 vitam
497 1617 558 1683 sihi
583 1616 711 1702 deligit,
745 1615 879 1681 alterum
900 1637 966 1680 non
987 1617 1111 1682 imitans

106 1715 189 1782 ultra
213 1739 306 1802 quam
327 1719 388 1804 ipsi
408 1721 526 1804 placet.
570 1721 653 1784 Nam
674 1720 806 1803 quaein
828 1719 888 1783 illis
911 1718 959 1784 est‘
980 1719 1110 1786 libertas

107 1821 293 1886 servitutem
317 1845 382 1890 non
406 1824 527 1908 patitur
548 1823 627 1890 etsi
648 1824 774 1907 quando
797 1834 910 1904 sponte
931 1825 1047 1902 servit,
1079 1835 1127 1902 et,

107 1925 171 1990 hoe
192 1928 232 1993 ad
252 1926 429 2002 libertatem
451 1927 517 1992 eius
539 1927 694 2010 pertinet,
718 1947 813 2010 posse
832 1925 955 1993 servire
974 1927 1001 1992 si
1019 1927 1112 1996 velit.
1152 1973 1156 1983 ·

109 2029 213 2110 Quam
238 2027 327 2093 multi
348 2015 491 2096 homines
516 2031 650 2096 maxime
676 2034 759 2114 apud
787 2030 932 2107 Alanos,
971 2031 1112 2102 ferarum

108 2135 206 2197 modo
232 2153 341 2198 earnes
359 2145 494 2212 vorant,
522 2155 604 2217 pane
629 2155 694 2198 non
719 2145 911 2211 vescuntur,
936 2155 1001 2196 non
1023 2137 1111 2218 quod

108 2256 172 2302 non
200 2236 354 2314 habeant3
393 2239 449 2300 sed
480 2238 552 2320 quia
579 2260 620 2303 eo
650 2238 737 2304 vesci
765 2238 889 2305 nolunt.
933 2237 1000 2304 Alii
1029 2259 1109 2304 vero

107 2338 189 2414 sicut
220 2351 382 2414 mansueta
412 2341 613 2406 animantium
645 2344 684 2406 de
724 2361 818 2406 carne
852 2341 930 2407 nihil
969 2351 1111 2429 gustant·

106 2443 172 2508 Alii
190 2443 334 2527 piscihus.
352 2457 523 2518 vescuntur
540 2446 634 2522 solis,
667 2445 718 2510 alii
740 2430 833 2529 plane
856 2468 874 2510 a
894 2445 1033 2533 piscibus
1053 2449 1112 2510 ah·

104 2547 233 2626 atinent,
257 2547 378 2617 etiamsi
392 2549 531 2622 esuriant
548 2550 695 2620 maxime.
732 2551 820 2618 *Sunt
838 2549 892 2633 qui
909 2572 1005 2634 aquas
1024 2552 1110 2616 solas
1178 2569 1183 2578 ·

104 2662 234 2733 potent,
279 2652 386 2726 vinum
422 2652 490 2730 alii,
531 2653 664 2723 siceram
698 2653 762 2721 aiii.
827 2654 936 2738 Atque
980 2653 1110 2720 omnim
1168 2743 1173 2748 .

104 2763 220 2841 magne
255 2767 303 2820 est
329 2756 525 2823 inhumano
551 2779 668 2844 genere
699 2758 846 2825 ciborum
874 2769 1033 2842 potusque
1062 2757 1111 2824 di·

104 2858 244 2936 seretio,
268 2859 314 2925 ita
337 2871 373 2924 ut
394 2873 425 2924 et
444 2861 528 2927 cirea
550 2862 664 2924 herbas
691 2871 722 2922 et
746 2881 843 2945 poma
866 2881 923 2924 esu
948 2860 1109 2928 differant.
1162 2903 1165 2916 ·

104 2964 279 3026 Praeterea
293 2951 376 3036 [vero
392 2965 535 3048 quidam,
558 2977 594 3028 ut
609 2962 750 3044 scorpii,
789 2973 824 3026 ut
844 2961 966 3043 aspides
983 2963 1110 3031 laedrmt

104 3087 163 3130 nec
189 3067 284 3142 laesi;
322 3068 448 3152 quidam
469 3079 504 3132 ut
533 3067 593 3132 alia
618 3065 956 3158 quaedamanimantia
980 3066 1056 3131 laesi
1075 3088 1110 3133 se
1166 3129 1169 3135 .

105 3169 283 3258 vindicant,
308 3171 358 3234 alii
378 3171 506 3254 rapiunt
529 3183 565 3235 ut
586 3171 671 3254 lupi,
702 3181 755 3234 aut
773 3169 918 3232 furantur
940 3180 974 3232 ut
991 3183 1110 3240 muste-

102 3271 165 3339 lae.
202 3271 291 3342 Alii
320 3285 356 3338 ut
387 3277 461 3360 agni
496 3287 527 3344 et
552 3294 666 3357 caprae
698 3276 809 3338 ducem
843 3269 892 3337 sui
921 3271 1028 3356 gregis
1057 3295 1110 3338 se·

104 3389 266 3460 quuntur,
301 3379 426 3443 laedunt
449 3401 528 3448 vero
559 3401 618 3445 nee
646 3399 701 3444 eos
731 3395 750 3442 a
775 3374 888 3458 quihus
912 3375 1003 3440 laesi,
1018 3388 1109 3454 sunu

103 3502 170 3565 quo
193 3480 229 3543 fit
250 3493 285 3544 ut
306 3481 359 3544 alii
384 3482 528 3548 dicentur
549 3481 636 3548 boni:
664 3479 716 3546 alii
730 3478 835 3554 malis,
848 3477 900 3542 alii
924 3477 1009 3544 iusti.
1053 3482 1108 3546 Ex

104 3584 374 3670 quibusintelligi
395 3597 503 3668 potest
526 3607 591 3648 non
617 3585 746 3649 omnino
771 3584 941 3646 seeundum
965 3571 1121 3649 naturam

102 3686 382 3778 semihominem.
441 3689 564 3770 (Quem
590 3687 671 3752 enim
696 3686 833 3752 dicemus
856 3685 922 3749 eius
944 3687 1109 3769 propriam

104 3810 175 3862 esse
196 3791 377 3872 rammam&
401 3793 464 3859 Sed
482 3791 597 3875 partim
615 3790 740 3874 quidem
759 3802 871 3856 natura
888 3789 1012 3881 fertur,
1034 3812 1111 3872 par.
1183 3843 1185 3846 ,
1223 3793 1225 3796 ’

102 3893 161 3958 rim
183 3912 262 3958 vero
275 3894 416 3973 dilectu,
455 3908 486 3960 et
517 3907 690 3979 propterea
721 3893 862 3969 laudem,
901 3891 1110 3975 vituperatio«

101 4017 195 4077 nem,
219 3998 447 4072 &rurationem
465 4019 528 4084 pro
542 3998 613 4086 ipso
634 3997 750 4066 <electu
771 3995 959 4082 accipit-lle
973 3995 1012 4076 iis
1027 4017 1108 4066 vero
