2828 4792
1087 350 1129 440 'ts

124 569 194 612 esse
210 566 277 610 nee
297 545 397 631 magis
419 565 515 628 posse
536 544 625 622 lieri,
649 565 749 630 quam.
765 551 799 608 tlt
821 543 937 630 aliquid
952 547 1073 613 oriatur
1088 569 1129 610 ex

122 673 163 716 eo
186 652 276 734 quod
296 670 360 714 non
382 648 434 712 sit.
480 647 568 712 Talis
587 661 690 712 autem
713 672 783 713 eum
805 649 845 713 sit
866 650 957 712 huius
980 649 1131 714 Universi

123 753 332 839 gubernatio,
357 773 425 816 eam
440 764 481 816 ex
494 751 646 816 immenso
661 765 805 835 tempore
819 753 851 816 in
865 753 1048 818 immensum
1063 753 1128 816 effi·

125 856 242 920 caciter
274 868 305 918 et
337 854 599 918 indeclinabiliter
629 858 819 938 procedere.
877 855 961 922 Cum
988 878 1067 921 vero
1090 857 1131 922 sit

123 960 229 1043 aliqua
249 958 282 1022 in
304 958 404 1023 carreis
433 957 615 1037 diversitas,
651 961 734 1038 (nam
762 961 878 1024 nubem
898 960 945 1024 illi
967 983 1130 1024 causarum

125 1064 221 1127 citant
243 1061 500 1147 distinguuntque
521 1062 620 1125 itaut
641 1062 716 1125 alias
739 1085 847 1127 causas
863 1077 980 1128 vocent
992 1065 1132 1147 primor-
1208 1115 1214 1128 .

125 1167 240 1244 diales,
265 1165 339 1230 alias
363 1165 563 1242 adiuvantes,
588 1164 663 1228 alias
684 1165 877 1244 individuas,
903 1167 976 1230 alias
991 1168 1129 1232 efficien-

124 1269 199 1334 tiam
220 1269 254 1332 in
275 1291 311 1332 se
332 1269 546 1353 continentes,
572 1267 647 1334 alias
670 1267 732 1334 alio
753 1269 898 1344 nomiue;
925 1291 1027 1353 neque
1051 1272 1132 1360 enim

123 1395 255 1438 necesse
288 1385 336 1438 est
370 1393 551 1437 sermonem
577 1373 769 1454 protrahere
801 1371 905 1438 omnia
937 1373 1129 1450 referendo,

124 1501 195 1540 cum
215 1475 419 1560 propositum
451 1476 543 1542 nobis
570 1475 611 1539 sit
640 1478 811 1542 ostendere
834 1487 1019 1558 praetextus
1052 1499 1132 1560 quos

123 1582 241 1644 hahent
261 1581 311 1644 sui
332 1582 370 1644 de
393 1581 475 1644 Fato
497 1577 605 1662 placiti
613 1579 637 1659 ε)
660 1601 731 1642 etun
751 1579 879 1663 inquam
901 1579 1132 1645 diversimodae

123 1685 183 1748 sint
205 1683 337 1762 causae,
361 1705 402 1748 ex
424 1703 527 1768 aequo
548 1695 653 1746 tamen
675 1683 714 1745 de
735 1681 879 1746 omnibus
894 1681 954 1746 illis
969 1682 1033 1746 hoc
1047 1683 1133 1746 aiunt

124 1809 254 1864 verum,
277 1787 348 1851 fieri
367 1787 516 1872 nequire,
532 1798 575 1862 ,ut
595 1785 705 1852 iisdem
726 1787 822 1850 rebus
845 1785 1141 1872 circumstantibus,

124 1903 189 1954 tum
211 1891 299 1954 circa
320 1911 462 1967 causam,
485 1901 552 1954 tum
574 1888 660 1952 cirea
679 1889 729 1966 id,
760 1889 849 1974 quod
870 1884 912 1952 eri
932 1911 1025 1954 cama
1048 1889 1130 1968 fluit,

124 1995 292 2079 aliquando
315 2006 435 2058 certum
456 1993 573 2078 aliquid
593 1993 668 2068 fiat,
706 1992 873 2076 aliquando
901 1992 934 2084 id
962 2005 1028 2057 n'on
1055 1994 1129 2072 fiat,

125 2109 176 2162 aut
196 2098 245 2162 sie
266 2109 319 2161 aut
341 2097 432 2160 aliter
452 2095 521 2158 fiat.
565 2097 648 2158 Nam
669 2096 702 2159 id
723 2095 751 2158 si
770 2095 878 2173 fieret,
902 2108 969 2160 tum
989 2098 1129 2194 futuram

125 2201 260 2284 aliquam
288 2201 354 2266 sine
382 2221 476 2264 causa
503 2199 689 2262 motionem.
754 2199 869 2264 Fatmn
897 2211 1001 2264 autem
1029 2201 1132 2283 ipsum

125 2317 155 2368 et
181 2317 326 2368 naturam
359 2315 391 2366 et
418 2303 573 2368 rationem
601 2323 660 2385 per
687 2325 781 2386 quam
813 2316 967 2388 regantur
998 2316 1132 2382 erurcta,

126 2407 228 2473 Deam
250 2427 319 2470 esse
349 2406 479 2483 dicunt,
518 2427 599 2490 quae
628 2405 668 2470 sit
698 2407 731 2470 in
764 2406 909 2470 omnibus
945 2429 1026 2492 quae
1062 2421 1134 2472 sunt

125 2532 269 2600 quaeque
289 2510 370 2574 fiunt
391 2521 424 2574 et
445 2509 491 2574 sic
507 2521 614 2572 utatur
628 2510 761 2594 propria
783 2511 933 2594 cuittsque
954 2511 1002 2574 rei
1023 2523 1134 2576 natura

125 2615 163 2676 ad
192 2613 292 2678 totius
328 2635 466 2676 summae
500 2613 775 2698 gubernationem.
840 2615 931 2676 Haec
957 2614 1056 2699 igitur
1084 2628 1132 2680 est

124 2716 267 2782 breviter
287 2717 449 2800 loquendo
473 2699 581 2798 opinio
604 2720 649 2780 de·
664 2717 747 2781 Fato
770 2717 892 2781 abillis
915 2731 1089 2784 exstructa.

563 2924 700 2988 XXIII.

83 3045 87 3051 ·
186 3027 324 3094 Falsitas
349 3014 452 3092 autem
476 3049 587 3097 eorum
606 3047 687 3110 quae
707 3027 834 3106 dieunt,
859 3051 923 3092 non
948 3032 1053 3096 multIs
1076 3053 1133 3097 ex-

125 3133 279 3198 trinsecus
305 3130 412 3194 verbis
443 3129 698 3216 argtmtentisque
733 3130 872 3215 indiget,
919 3137 975 3196 sed
1005 3157 1063 3216 per
1098 3149 1131 3198 se

124 3247 223 3318 patet.
269 3235 359 3316 Quae
392 3233 473 3296 eninr
501 3233 657 3298 refutatio·
680 3255 792 3297 eornm
822 3236 963 3318 apertior
988 3259 1081 3322 quam
1107 3237 1135 3300 si

125 3359 161 3402 ea
179 3359 247 3403 non
267 3329 459 3401 conveniunt
478 3338 575 3400 rebus
601 3340 639 3400 de
657 3337 775 3422 quibus
788 3338 991 3422 loquuntur?
1038 3341 1135 3421 Quod

124 3424 367 3524 cumprimum
400 3439 528 3516 dicum,
563 3461 633 3503 cum
661 3441 694 3505 in
722 3440 868 3506 omnibus
896 3443 991 3506 rebus
1021 3466 1134 3510 causae

126 3545 248 3629 aliquae
260 3544 429 3620 exsistant,
454 3541 515 3619 alia
525 3555 638 3625 postea
652 3544 805 3629 ,subsequi
822 3556 853 3608 et
866 3548 929 3611 hoe
944 3549 1040 3613 modo
1055 3571 1136 3614 eon*-

126 3648 217 3731 sertis
242 3647 340 3709 inter
357 3667 390 3710 se
413 3648 509 3709 rebus
535 3659 683 3730 tanquam
709 3661 817 3712 catena
839 3654 970 3733 quadam
995 3654 1133 3733 pendere
1215 3625 1223 3648 ⁸

127 3753 262 3815 secunda
285 3748 450 3832 oprimis,
474 3749 506 3812 in
528 3771 593 3833 quo
610 3750 710 3832 ipsam
733 3753 926 3828 constituunt
948 3755 1019 3818 Fati
1040 3767 1132 3817 natu·

127 3842 216 3931 ram,
263 3873 357 3936 quam
390 3853 584 3936 apertissime
613 3857 719 3918 rebus*
738 3855 958 3920 disconvenit?
997 3859 1078 3922 Nam
1107 3859 1134 3921 si

129 3956 266 4032 filiorum
289 3967 395 4038 patres
418 3969 490 4020 sunt
512 3979 623 4072 causa,
649 3970 742 4022 etex
764 3959 1010 4053 proprietatibus
1034 3983 1136 4048 quae-¹
