2828 4792
274 389 315 453 58

270 556 350 634 Πῶς
370 551 435 643 γὰρ
454 555 501 622 ἔτι
518 551 734 644 Ἀλέξανδρος
753 550 772 619 6
794 547 952 645 Πριάμου
971 556 1005 621 ἐν
1022 550 1115 643 όιτίρ
1136 553 1201 633 ε’ίη,
1238 547 1281 630 ὡς

269 655 462 750 διαμαρτὼν
492 663 563 748 περὶ
600 655 659 739 τὴν
691 659 749 738 τῆς
776 653 906 738 Ἑλένης
933 652 1105 747 όρπαγύνς
1151 655 1218 732 πῶς
1250 651 1281 722 δ

267 756 482 848 Ἀγαμέμνων
506 755 647 846 ένλόγως
667 754 771 825 ἄντοῦ
791 761 1079 851 καταψηφίζοιτσ,
1108 761 1209 844 λέγων
1234 754 1280 824 ού

269 858 298 931 6³
329 859 457 940 ἇυτός
485 859 716 948 ἀναίνομαι
751 861 813 944 ¹⁵)‚·
847 856 898 927 Ἔι
919 858 1064 950 μὲνγὰρ
1085 865 1165 949 εῖχεν
1190 859 1279 941 ἐξου-

269 967 343 1033 σίαν
366 960 527 1056 ὑπεριδεῖν
559 961 580 1046 ἢ
610 960 825 1054 Ἀλέξανδρος
857 965 920 1030 τῶν
953 959 1026 1030 τότε
1056 959 1289 1054 περιεστώτων,

267 1064 369 1136 ἆυτὸν
393 1062 674 1160 παρακαλούντων
700 1069 751 1132 ἐπὶ
777 1062 837 1147 τὴν
858 1062 1025 1157 ἁρπαγὴν,
1064 1065 1084 1148 ἡ
1080 1063 1279 1143 Μενέλαος

266 1173 330 1240 τῶν
361 1167 557 1259 ἀγανακτεῖν
589 1164 810 1258 ἐπαιρόντων,
854 1165 875 1250 ἢ
902 1165 1115 1257 Αγαμέμνων
1148 1165 1208 1289 ἐφ
1226 1164 1295 1245 όῖς

265 1269 492 1366 ὡςοίναμοίρτη
482 1297 551 1355 γτος
565 1269 667 1340 6vwv
653 1271 709 1320 ²⁵
717 1273 748 1352 a)
763 1274 975 1362 κατατρέχει,
990 1267 1160 1359 ενλογως
1138 1294 1275 1352 αντ

265 1382 299 1445 ἐν
316 1375 418 1469 ἆιτία.
456 1362 596 1443 ”Ειδ’
576 1399 616 1457 ην
635 1369 740 1442 πύλαι
766 1379 831 1440 καὶ
842 1369 1029 1466 πρόπαλαι,
1052 1380 1106 1442 καί
1128 1371 1192 1466 πρό
1215 1375 1276 1442 τοῦ

264 1479 325 1564 τὴν
346 1474 449 1572 ἆρχην
467 1503 542 1547 τινα
561 1474 670 1544 ἀυτῶν
689 1481 867 1564 γενέσθαι,
897 1472 1008 1560 ἇληθέ
1010 1506 1027 1556 ς
1046 1483 1119 1570 περὶ
1136 1472 1276 1545 ἑκάστου

264 1579 503 1676 προλεγόμενον
520 1575 645 1648 τούτοιν
662 1581 821 1662 ἕκαστον,
845 1576 895 1674 ἐφ’
911 1577 962 1659 όῐς
978 1576 1122 1663 ποιήσας
1136 1575 1273 1648 ἐσδύνε-

263 1713 336 1766 ται,
372 1686 440 1764 πῶς
464 1681 505 1752 ίίν
529 1680 569 1750 ἔτ’
600 1677 696 1751 ἆυτοὶ
728 1684 791 1749 τῶν
811 1687 988 1771 γινομένων
1010 1680 1054 1765 ¹⁶)
1079 1681 1139 1766 τὴν
1163 1679 1274 1752 ύιτίαν

263 1789 381 1878 έχοιενς
413 1789 493 1865 Πῶς
515 1788 551 1853 δέ
578 1811 628 1864 τις
649 1780 839 1872 ἐξηγήσεται
866 1791 922 1853 καὶ
947 1783 986 1853 τό
1012 1783 1062 1881 εἰμ’
1084 1782 1162 1875 ἡμῖν
1189 1787 1273 1853 έῖναι

262 1887 322 1970 τός
346 1915 380 1958 τε
402 1885 522 1982 ἀρετὰς
547 1894 604 1956 καί
628 1889 745 1966 κακίας
766 1889 827 1973 ¹⁷);
859 1885 949 1957 Ἐπεί
975 1916 1012 1977 γε
1038 1885 1142 1968 ὁύτως
1170 1886 1273 1957 όντων

208 2017 212 2025 ’
261 1991 353 2084 ἡμῶν
377 1996 439 2078 ¹⁸),
460 1994 529 2071 πῶς
551 1987 591 2058 ἔτ’
613 1987 654 2059 όίν
680 1987 820 2080 ένλόγως
838 1997 871 2058 οί
893 1999 954 2080 μὲν
978 1995 1039 2060 έῖεν
1062 1995 1097 2061 έν
1117 1993 1272 2072 ἐπαίνοις,

262 2101 295 2165 οἱ
319 2100 354 2164 δὲ
377 2099 410 2165 ἐν
433 2091 578 2191 ιγόγοιςς
612 2089 728 2162 Ὀυδέν
747 2092 911 2186 γὰρ’όίλλ
939 2093 960 2177 ἢ
982 2096 1190 2188 συνηγορίαν·
1203 2101 1273 2173 τοῖς

262 2205 376 2280 κακοῖς
400 2195 439 2286 τό
469 2194 577 2288 δόγμα
606 2199 705 2264 τοῦτο
729 2199 882 2290 προξενεῖ
929 2193 1071 2291 Ὁρῶμεν
1100 2201 1180 2285 γοῦν
1207 2199 1273 2264 τόν

260 2309 320 2393 μέν
340 2299 485 2390 ἀγαθῶν
505 2326 539 2368 τε
565 2299 618 2367 καί
644 2301 753 2368 καλῶν
772 2297 918 2392 πράξεων
940 2298 1058 2368 οὐδένα
1078 2300 1137 2384 τὴν
1156 2303 1271 2390 ἑιμαρ-

161 2411 166 2424 ’
259 2410 376 2494 μένην,
400 2401 486 2472 ὀὐδὲ
514 2401 574 2486 τὴν
599 2397 743 2490 όνοίγκην
761 2399 970 2493 όιτιώμενον,
993 2403 1071 2485 τούς
1092 2409 1128 2472 δὲ
1149 2402 1271 2482 κακούς

260 2505 301 2576 δι’
329 2509 451 2591 ἐκείνην
471 2503 644 2586 τοιούτους
674 2509 757 2574 ε’ῖναι
785 2511 949 2595 λέγοντας.
988 2503 1026 2576 ‘0
1038 2503 1271 2585 πιστεύσαντες

260 2619 316 2680 καὶ
337 2609 414 2691 τούς
436 2605 648 2704 φιλοσόφους
676 2613 796 2696 λέγειν,
824 2612 893 2689 πῶς
921 2607 960 2678 οὗ
981 2607 1064 2698 μετόι
1079 2609 1270 2702 παρῥησίας

259 2712 355 2784 ύυτοί
378 2740 414 2801 γε
438 2717 490 2781 ε’πὶ
512 2716 617 2782 ταῦτα
643 2709 850 2796 ἐλεύσονται,
882 2709 960 2796 τούς
980 2739 1014 2781 τε
1040 2710 1162 2796 όίλλους
1186 2737 1269 2804 προ-

259 2822 460 2913 τρέψονσινς

320 3026 400 3104 Πῶς
425 3018 502 3092 δ”
478 3049 519 3092 αν
544 3019 676 3108 ούζοιεν
700 3026 839 3093 τοιαῦτα
865 3028 1013 3112 λέγοντες
1037 3022 1096 3108 τὴν
1117 3019 1182 3091 όπό
1203 3025 1269 3090 τῶν

257 3128 349 3196 θεῶν
369 3130 540 3217 γινομένην
565 3129 629 3196 τῶν
649 3130 784 3250 θνητῶν
810 3123 989 3219 πρόνοιανς
1029 3131 1071 3202 έι
1084 3125 1150 3220 γὰρ
1175 3121 1210 3192 όί
1232 3151 1267 3193 τε

256 3232 319 3300 τῶν
342 3233 477 3299 θεῶν
461 3227 666 3328 επιφοίνειαι,
703 3223 744 3310 όίς
769 3255 855 3323 φασι
875 3231 1034 3318 γίνεσθαί
1058 3255 1147 3313 τισι,
1179 3224 1266 3296 κατοί

257 3359 329 3403 τινα
354 3336 502 3422 γίνονται
525 3329 924 3424 προκαταβεβλημένην
904 3336 1031 3416 αιτίαν,
1065 3330 1108 3413 ὡς
1124 3331 1191 3424 πρό
1205 3332 1266 3399 τοῦ

255 3439 416 3524 γενέσθαί
432 3464 506 3506 τινα
523 3435 651 3520 Ιοἰυιῶν,
689 3433 819 3519 ἀληθὲς
838 3439 920 3505 ἕῖναι
941 3434 979 3504 τό
999 3439 1093 3504 τοῦδε
1113 3445 1174 3524 μὲν
1195 3436 1264 3506 ἔσε-

257 3539 347 3609 σθαί
366 3569 440 3611 τινα
465 3545 500 3609 ἐκ
520 3542 612 3609 δεῖν
629 3540 839 3627 κηδεμονίαν,
868 3542 963 3608 τοῦδε
988 3544 1023 3608 δὲ
1046 3537 1109 3629 μὴ,
1137 3541 1205 3620 πῶς
1222 3538 1265 3609 ῖίν

216 3634 222 3647 ’
253 3645 301 3711 ἔτι
325 3647 423 3714 τοῦτο
451 3637 612 3737 πρόνοιάν
636 3669 688 3724 τις
709 3647 736 3727 ¹)
766 3644 902 3722 δικαίως
923 3645 1031 3730 λέγοι,
1045 3638 1111 3726 ’τίγν
1130 3641 1168 3712 ού
1191 3642 1261 3712 κατ’

254 3745 348 3830 ύξίαν
367 3751 577 3836 γιγνομένην,
613 3743 700 3816 ἀλλὰ
720 3742 807 3816 κατιί
827 3771 902 3814 τινα
928 3742 1073 3834 όνόγκην
1093 3771 1265 3839 προκατα-

252 3855 471 3938 βεβλημίνηνς
492 3853 559 3930 πῶς
579 3846 609 3918 δ
629 3847 669 3920 όίν
687 3847 823 3934 συίζοιτο
844 3856 900 3917 καί
924 3846 1044 3940 ύπρὸς
1066 3847 1141 3930 τοὺς
1158 3849 1264 3930 θεοὺς

253 3957 401 4041 ίυσέβεια
424 3957 487 4023 τῶν
505 3957 647 4042 ἐυσεβεῖν
671 3956 868 4036 δοκούντων,
902 3950 988 4024 διότι
1010 3951 1055 4042 μὴ
1077 3951 1121 4023 ἐπ
1150 3952 1264 4034 όυτοΐς
