2782 4790
1103 434 1143 496 93

138 589 236 662 ¹tionis
259 590 339 658 enim
361 609 430 655 esse
457 591 613 660 videbitur
638 594 794 660 interdum
821 596 892 663 viro
911 602 1017 682 probo
1041 602 1092 663 vel
1108 602 1142 666 in

139 699 225 773 boc,
264 709 299 758 nt
327 699 472 760 ostendat
500 698 676 762 libertatem
704 723 790 764 suam
824 701 907 765 circa
940 703 1080 768 actiones
1108 705 1141 768 id

139 821 203 864 non
221 821 337 885 agere,
362 803 449 884 quod
472 823 542 864 cum
563 802 685 866 ratione
707 805 846 867 lecturus
868 806 989 882 luerat,
1013 819 1089 889 puta
1113 809 1140 872 si

139 915 226 966 vates
253 904 363 988 aliquis
388 905 596 986 praedixisset
626 905 712 968 illum
737 909 916 972 necessario
948 911 1012 972 hoo
1035 911 1138 974 factu·
1219 895 1221 900 ⁵

137 1029 220 1069 nrm.
265 1010 309 1071 Et
326 1011 390 1072 hoc
406 1010 507 1090 ipsum
525 1010 597 1092 quia
612 1010 809 1092 prospiciunt
830 1023 916 1077 vates
939 1019 1080 1080 met'snmt
1099 1035 1139 1078 ne

137 1110 224 1174 illico
251 1113 458 1190 refellantur,
497 1135 560 1186 non
588 1113 692 1176 solent
723 1115 797 1177 talia
828 1116 932 1180 dicere
959 1121 1041 1202 apud
1062 1141 1136 1198 eos,

138 1213 192 1296 qui
223 1213 312 1296 ipsos
344 1215 449 1278 statim
476 1227 611 1299 possunt
641 1217 713 1281 salsi
748 1218 923 1282 revincere.
981 1223 1033 1284 Ac
1058 1223 1140 1287 sicut

137 1327 282 1400 tempora
309 1318 439 1382 definire
461 1341 572 1385 eorum
590 1341 669 1403 qnae
690 1321 797 1384 sutura
818 1321 945 1399 dicunt,
970 1336 1005 1386 ut
1023 1327 1137 1407 depre-

135 1421 279 1485 hensioni
296 1434 512 1504 opportunum
533 1423 709 1509 defugiunt,
733 1425 779 1488 sic
794 1425 885 1489 etiam
905 1439 1017 1490 cavent
1030 1427 1061 1491 in
1080 1450 1136 1492 va-

132 1524 292 1589 ticinando
313 1526 430 1610 aliquid
452 1526 556 1591 dicere
576 1527 711 1613 illisqui
732 1529 836 1594 statim
854 1531 1047 1595 contrarium
1068 1531 1134 1594 eius

135 1633 222 1712 quod
242 1631 307 1694 sert
329 1629 527 1709 vaticinatio,
551 1631 675 1695 efficere
696 1645 841 1715 possunt.

575 1736 693 1799 XXX.

133 1863 135 1870 ’
196 1839 292 1920 Quod
314 1861 394 1903 vero
413 1840 544 1923 amplius
572 1841 678 1903 dicunt
699 1861 759 1922 par
779 1861 848 1904 esse
869 1842 956 1906 credi
972 1843 1061 1908 Deos
1083 1847 1133 1910 lu·

102 1971 104 1974 ·
132 1954 201 2006 tura
221 1964 417 2025 praenosse,
442 1946 595 2008 absonum
623 1943 703 2010 enim
730 1943 814 2008 dictu
836 1966 892 2009 eos
928 1947 1045 2032 aliquid
1074 1950 1134 2012 im-

132 2045 312 2111 minentium
337 2048 513 2132 ignorare,
544 2047 654 2110 deinde
675 2049 739 2110 boc
764 2060 867 2113 sumto
894 2070 996 2114 exeo
1021 2065 1135 2134 parant
1229 2063 1236 2074 “

132 2153 294 2215 adstruere
316 2152 421 2216 omnia
442 2149 620 2214 necessario
636 2161 668 2212 et
681 2149 820 2213 fataliter
836 2151 925 2229 lieri,
948 2152 981 2215 id
1002 2175 1061 2216 nec
1079 2177 1135 2219 ve-

131 2276 199 2317 rum
230 2267 298 2332 est,
333 2277 392 2318 nec
419 2254 598 2338 probabile.
659 2255 741 2316 Nam
772 2254 800 2318 si
826 2266 939 2319 natura
967 2277 1074 2318 rernm
1102 2258 1135 2321 id

131 2357 251 2455 capiat,
290 2359 445 2422 neminem
482 2357 581 2445 magis
615 2357 766 2430 credibile
799 2371 846 2421 est
875 2371 1008 2423 ventura
1039 2351 1133 2425 nosse

130 2483 223 2546 quam
238 2463 350 2526 Deos:
374 2475 406 2525 at
428 2485 497 2525 cum
520 2475 632 2525 natura
656 2464 750 2525 talem
772 2463 1018 2545 praedictionem
1040 2487 1134 2546 prae·

129 2566 367 2650 sensionemqne
389 2588 453 2631 non
472 2565 591 2647 capiat,
627 2588 666 2629 ne
685 2566 739 2628 Dii
758 2566 885 2649 quidem
910 2565 996 2630 credi
1018 2570 1135 2632 debent

128 2690 223 2733 nosse
256 2691 336 2753 quae
363 2669 453 2734 nosci
477 2681 648 2752 nequeunt.
708 2669 797 2749 Quae
820 2668 903 2732 enim
925 2669 1054 2733 omnino
1073 2692 1132 2753 per

128 2785 271 2836 naturam
293 2773 364 2836 lieri
382 2784 559 2856 nequeunt,
592 2793 628 2836 ea
651 2771 742 2836 etiam
764 2776 847 2855 apud
864 2771 953 2838 Deos
975 2794 1042 2835 eam
1064 2795 1133 2836 ser-

127 2889 203 2939 vant
221 2890 378 2940 naturam.
422 2879 504 2940 Nam
532 2877 623 2938 etiam
649 2879 732 2958 apud
761 2878 849 2940 Deos
870 2877 942 2940 lieri
969 2877 1076 2960 nequit
1096 2890 1132 2940 ut

128 2979 288 3044 dimetiens
317 2979 399 3044 linea
431 2980 471 3043 sit
502 3001 562 3061 par
590 2980 702 3055 lateri,
741 2991 794 3042 ant
826 2990 861 3041 ut
897 2978 945 3042 bis
976 2983 1039 3044 duo
1071 2980 1132 3043 sint
1182 3013 1189 3030 .

127 3083 287 3167 quinque,
331 3095 384 3148 aut
405 3095 440 3147 ut
462 3085 548 3166 quod
575 3083 693 3146 factumn
726 3093 773 3144 est
804 3081 956 3144 infectum
982 3083 1042 3160 sit,
1080 3084 1132 3146 Ae

126 3208 165 3249 ne
183 3187 298 3251 volunt
311 3186 438 3270 quidem
453 3187 618 3270 quicquam
633 3206 743 3249 eorum
767 3205 847 3268 qliae
861 3183 932 3247 lieri
954 3199 1125 3268 nequeunt.

126 3291 238 3370 (Esset
258 3290 340 3353 enim
366 3290 397 3352 in
419 3290 456 3353 iis
482 3311 561 3373 quae
583 3289 716 3353 diximus
735 3287 942 3372 repugnantia
964 3291 1129 3370 quaedam)

124 3404 156 3456 et
179 3393 250 3457 talis
284 3405 331 3458 est
360 3391 452 3456 etiam
476 3393 508 3456 in
534 3397 609 3468 eo,'
636 3393 722 3477 qnod
747 3403 856 3471 suapte
882 3403 994 3452 natura
1022 3403 1129 3471 potest

123 3495 193 3560 fieri
211 3508 264 3560 aut
288 3519 353 3561 non
374 3495 465 3572 ficri,
499 3507 645 3579 tanquam
672 3494 800 3559 omnino
828 3505 881 3560 aut
909 3493 1049 3556 futurum
1076 3507 1128 3558 aut

124 3621 187 3663 non
218 3599 360 3663 futurum
385 3611 626 3683 praenoscatur.
686 3601 768 3661 Nam
792 3597 819 3659 si
838 3595 1005 3678 praenotio
1027 3598 1132 3679 posita

124 3703 208 3768 tollit
229 3716 360 3767 eventus
379 3703 582 3788 ambiguum,
607 3701 803 3764 manifestum
820 3713 867 3763 est
881 3711 915 3762 ut
926 3701 990 3763 boc
1007 3715 1129 3764 maneat

123 3803 193 3868 fieri
212 3807 352 3890 nequire
381 3819 416 3870 ut
433 3817 519 3870 certa
542 3807 579 3866 de
606 3825 645 3867 eo
668 3803 708 3866 sit
725 3803 905 3885 praenotio.
951 3801 1003 3864 Sic
1025 3815 1127 3867 autem

123 3929 157 3971 se
178 3931 246 3973 rem
272 3911 391 3973 babere
419 3910 623 3991 exipsorum
646 3904 798 3969 sententia
810 3917 952 3987 apertum
962 3917 1034 3980 est,
1059 3906 1130 3968 inde

124 4015 210 4096 quod
232 4013 295 4078 hoc
317 4024 421 4076 sumto
444 4012 533 4077 Deos
552 4029 723 4095 praenosse
741 4019 872 4095 pentura
885 4008 964 4092 ¹inde
988 4005 1131 4097 luserunt
