2828 4792
1088 384 1129 448 tv

125 545 243 610 veritas
263 542 326 608 vim
340 544 481 608 habetet
499 565 540 610 ex
555 543 649 610 rebus
663 543 740 629 ipsis
758 547 885 612 evidens
903 549 1129 615 testimonium.

125 648 262 730 Quodsi
275 647 335 710 ista
348 668 427 730 quae
434 647 485 712 isti
497 648 615 724 dicunt,
630 671 702 711 cum
708 649 770 712 sint
781 651 866 728 talia,
881 674 947 716 eam
960 651 1023 715 vim
1035 665 1129 736 atque

127 750 347 814 auctoritatem
368 750 623 832 consequantur,
647 763 682 814 ut
704 751 747 816 eis
765 756 893 817 credant
917 777 1046 831 omnes,
1071 775 1130 821 nos

126 853 240 918 nullius
256 851 303 915 rci
313 873 381 916 esse
393 852 549 929 dominos,
564 855 620 916 sed
629 853 712 918 trahi
720 877 779 920 nos
791 879 809 918 a
819 859 914 920 rebus
926 857 1130 922 circumstan-

125 956 231 1032 tibus,
266 955 310 1020 ita
332 965 366 1017 nt
388 956 489 1018 abeis
515 955 678 1026 vincamur
700 978 800 1041 eaque
826 965 1061 1043 approbemus,
1101 974 1134 1026 et

128 1079 257 1144 agamus
284 1079 322 1122 ea
350 1078 431 1141 quae
453 1057 593 1142 agimus,
630 1059 703 1142 quia
728 1061 856 1124 omnino
880 1063 925 1126 sic
946 1086 1041 1150 agere
1064 1075 1133 1128 erat

111 1182 268 1226 necesse.
313 1161 455 1244 (Quippe
476 1181 547 1224 cum
565 1161 714 1226 fierinon
731 1164 835 1245 possit
854 1177 890 1227 ut
911 1167 1001 1230 aliter
1018 1189 1133 1254 agere·

126 1287 193 1328 mus
215 1263 284 1328 istis
300 1265 395 1327 rebus
417 1285 476 1328 nos
495 1263 768 1330 circumstantibus
790 1279 963 1352 contraque
986 1269 1133 1334 alienon

126 1367 248 1452 agimus
269 1366 360 1443 idco,
386 1370 473 1450 quod
492 1367 638 1431 resistere
659 1389 847 1452 nequeamus
864 1371 998 1448 talibus,
1023 1374 1132 1455 quales

125 1481 216 1545 erint,
255 1471 351 1532 rebus
384 1470 502 1533 circum
530 1491 590 1534 nos
615 1472 741 1554 positis)
771 1472 847 1556 quid
875 1473 959 1538 aliud
988 1474 1130 1552 eveniet,

127 1593 221 1656 qnam
238 1584 274 1635 nt
297 1593 405 1636 ornnes
424 1573 571 1636 homines'
587 1586 723 1658 propter
735 1577 817 1640 hanc
834 1578 1071 1658 persuasionem
1094 1600 1131 1642 ca

128 1688 240 1740 cuncta
262 1695 342 1759 quac
364 1693 435 1742 cnm
454 1678 566 1740 labore
589 1699 728 1761 curaque
745 1678 842 1756 finnt,
866 1681 973 1744 valere
991 1681 1130 1758 iubeant,

127 1779 163 1842 iis
182 1790 286 1842 autem
300 1780 483 1862 praeferant
503 1781 599 1844 vitam
619 1781 743 1846 facilem
759 1793 791 1846 et
812 1776 1029 1865 voluptatibus
1052 1807 1132 1848 con·

127 1881 283 1958 irmctam,
322 1882 414 1965 quia,
453 1905 525 1946 cum
555 1905 591 1946 ea
616 1895 736 1948 tantum
762 1898 914 1950 eventura
935 1886 1013 1964 sint,
1052 1909 1133 1970 quiae

128 1985 309 2050 necessario
329 1986 495 2062 evenient,
518 1985 596 2050 nibil
615 1986 677 2070 ipsi
698 1986 775 2052 boni
791 2011 832 2051 ex
846 1987 938 2053 bonis
957 1989 1133 2054 actionibus

128 2087 188 2152 siut
208 2089 417 2170 reportaturi.
461 2087 544 2152 Cum
569 2089 718 2174 sicergo
743 2090 849 2153 affecti
875 2103 966 2154 erunt
991 2093 1135 2156 homines

129 2203 159 2254 et
175 2204 265 2254 actus
288 2203 379 2254 erunt
400 2190 560 2254 sententiis
580 2203 792 2277 congruentes
815 2193 946 2275 (quippe
968 2215 1009 2256 ex
1024 2215 1136 2266 eorum

128 2295 233 2358 fallaci
266 2294 417 2378 opinione
445 2317 510 2358 non
540 2295 630 2358 aliter
670 2316 705 2359 se
743 2301 795 2360 res
821 2297 940 2360 babere
964 2307 1134 2380 poterunt,

130 2421 222 2482 quam
241 2419 276 2462 se
300 2399 437 2477 habent)
460 2398 535 2481 quid
553 2398 638 2463 aliud
657 2398 729 2463 inde
752 2411 920 2485 exsurget,
946 2422 1038 2484 qnam
1065 2421 1133 2464 om·
1234 2417 1242 2435 ⁸

127 2502 211 2566 nium
229 2523 337 2564 rerum
351 2502 555 2565 honestarum
571 2504 654 2584 apud
670 2523 778 2566 omnes
796 2503 981 2587 neglectus,
1011 2503 1134 2586 (talium

129 2605 210 2670 enim
229 2617 261 2668 et
278 2603 405 2687 adeptio
427 2614 458 2668 ot
474 2595 676 2670 conservatio
691 2605 804 2670 labore
822 2617 946 2671 constat
954 2608 978 2684 ,)
1009 2617 1040 2668 ct
1055 2627 1135 2668 con·

128 2721 177 2772 tra
198 2708 374 2791 propensio
398 2711 438 2770 ad
453 2730 571 2790 prava,
595 2720 630 2772 ut
647 2707 834 2790 qrraefacile
857 2720 994 2793 agantur
1012 2720 1043 2772 et
1065 2729 1135 2770 curu

129 2811 318 2894 voluptate?
360 2812 414 2875 Ad
437 2811 606 2894 quosquis
635 2832 703 2874 csse
730 2811 849 2892 poterit
877 2833 983 2876 sermo
1009 2811 1136 2876 illorum

129 2909 266 2998 quornni
283 2914 336 2977 isti
353 2913 471 2979 inducti
488 2913 610 2995 placitis
629 2917 668 2976 ad
689 2913 763 2978 talia
782 2911 963 2977 devenere?
984 2916 1134 2996 Respon-

130 3020 248 3081 debant
273 3015 356 3079 enim
379 3015 440 3080 illis
465 3015 561 3099 iiqui
581 3018 826 3093 accusabantur,
850 3037 915 3080 non
935 3017 1076 3099 potuisse
1099 3037 1133 3079 sc

72 3177 73 3182 ,
129 3121 211 3184 aliud
223 3119 392 3204 quidquam
407 3140 503 3203 agere
521 3119 635 3184 talibus
653 3120 749 3182 rebus
768 3139 802 3182 sc
824 3117 1108 3183 circumstantibus:
1128 3163 1138 3203 2

132 3224 307 3305 Quomodo
338 3243 395 3287 eos
426 3223 495 3287 iure
529 3224 779 3307 reprehendant,
800 3218 802 3222 ’
822 3222 877 3306 qui
904 3223 948 3286 eis
974 3243 1033 3305 per
1062 3223 1138 3290 talia

128 3327 245 3409 placita
267 3329 307 3389 ad
324 3326 420 3390 talem
446 3325 541 3390 vitam
559 3327 701 3412 magistri
713 3324 839 3412 suere?
868 3325 939 3390 Imo
958 3347 1059 3407 nequae
1073 3327 1135 3388 ob-

131 3431 349 3516 iurgationes,
385 3450 489 3512 neque
517 3430 760 3514 castigationes,
801 3449 903 3511 neque
932 3429 1135 3506 exhortans,

131 3555 233 3618 neque
256 3533 386 3609 landes,
410 3553 469 3597 nec
491 3531 658 3617 quicquam
679 3534 727 3596 his
750 3532 848 3596 simile
867 3531 1031 3614 propriam
1048 3553 1137 3596 snam

132 3640 214 3720 apud
234 3659 292 3702 eos
307 3649 450 3724 patrnam
465 3635 610 3700 obtinere
627 3648 773 3719 possunt.
788 3677 791 3686 ·
818 3636 882 3700 Sed
903 3637 1017 3700 borum
1043 3636 1136 3703 etiam

25 3801 27 3820 ,
131 3743 279 3825 quodque
313 3740 367 3804 fiet
403 3759 444 3804 ex
473 3739 657 3804 necessitate
694 3739 775 3804 sicut
809 3740 863 3804 illa
895 3761 991 3824 super
1022 3740 1136 3824 quibus

132 3845 222 3910 fiunt.
281 3844 455 3925 Quomodo
484 3843 565 3910 enim
593 3844 711 3910 Priami
742 3842 823 3908 filins
854 3843 1038 3908 Alexander
1071 3843 1138 3904 cul-

132 3949 276 4028 pabitv‘rr,
328 3957 362 4010 ut
403 3947 457 4030 qui
485 3948 644 4032 peccarit,
691 3969 762 4010 curn
798 3947 952 4012 Helenam
986 3945 1140 4029 raperet?
