2774 4780
334 1119 1169 1236 Funu01scrv1cnu1

718 1295 743 1354 E
767 1297 791 1350 τ

451 1421 672 1522 numurus
691 1423 1063 1495 ANNOTATIONES

375 1581 437 1642 iN
468 1581 734 1644 manuatim
764 1583 995 1644 umunsauts
1027 1585 1120 1643 suut.

645 1770 868 1792 &uu—nna.-

280 1929 314 2014 l)
343 1931 418 2000 ΕΚ
441 1930 552 2000 ΤΩΝ
568 1929 899 2001 ΒΑΡΛΙΣΑΝΟ
912 1929 960 2016 Y]
995 1931 1091 1997 Alter
1116 1954 1158 1997 ex
1187 1932 1268 1999 Ma·

340 2053 447 2099 nuscr.
463 2030 687 2126 Βαρδησάνσυ
707 2057 767 2118 per
787 2061 827 2118 η,
852 2057 933 2120 quiae
961 2035 1161 2102 communior
1184 2039 1270 2102 scri·

336 2141 437 2222 ptura
460 2151 521 2203 est.
565 2137 601 2202 S.
617 2138 814 2222 Epiphanius
834 2140 960 2204 haeresi
980 2139 1022 2204 36
1045 2139 1113 2224 (qui
1134 2141 1210 2204 alias
1226 2143 1271 2206 56

344 2237 560 2332 Βαρὸισιὲνην
577 2253 672 2307 vocat
680 2289 690 2322 ,
715 2241 844 2331 simque
857 2255 1031 2308 sectatores
1046 2245 1271 2331 Βαρδισιανι·

207 2365 209 2370 ’
347 2340 451 2425 στάς.)
504 2344 624 2410 Notior
655 2345 682 2409 is
719 2359 788 2423 est,
823 2363 916 2431 quam
946 2358 982 2410 ut
1009 2346 1081 2410 luce
1112 2346 1270 2434 indigeat.

347 2441 573 2535 Fragmentum
593 2448 645 2512 hic
665 2445 763 2512 habes
785 2445 1009 2534 elegantissimi
1023 2461 1054 2512 et
1069 2449 1272 2514 accuratissi-

347 2551 390 2615 mi
413 2551 537 2635 operis,
563 2555 650 2635 quod
671 2554 823 2614 adversus
837 2553 974 2617 Abidam
989 2551 1204 2638 Astrologum
1218 2553 1275 2617 vir

348 2653 478 2736 Syriaca
512 2649 702 2738 Graecaque
731 2655 839 2739 lingua
868 2655 1094 2720 eruditissimus
1123 2655 1273 2720 elabora·

348 2758 413 2834 vit,
446 2769 481 2818 ut
504 2757 614 2821 scribit
635 2756 846 2841 Epiphanius.
896 2758 1032 2822 Librum
1064 2758 1275 2841 inscripserat

349 2860 535 2938 Antonino,
558 2873 594 2924 ut
615 2855 772 2924 Eusebius
794 2859 921 2926 Histor.
938 2861 1065 2924 Eccles.
1088 2857 1187 2924 Libr.
1203 2861 1273 2926 lv.

349 2959 433 3045 Cap.
464 2962 524 3026 ult.
541 2974 667 3028 'auctor
698 2975 757 3026 est.
815 2963 1010 3028 Antoninum
1042 2985 1167 3046 porro,
1205 2981 1275 3028 non

351 3067 463 3143 Pium,
486 3068 544 3128 sed
557 3067 680 3128 Verum
702 3066 863 3151 intellige,
886 3078 922 3128 ut
936 3066 1047 3130 scribit
1061 3066 1275 3150 Epiphanius.

353 3170 498 3232 Eundem
521 3167 737 3248 Hieronymus
756 3167 851 3231 Lihr.
875 3171 913 3231 de
926 3168 1143 3251 Scriptoribus
1158 3165 1277 3234 Eccle-

354 3273 507 3350 siastieis,
542 3271 593 3336 vir
614 3271 770 3334 masculae
791 3270 936 3334 dictionis
958 3270 1052 3334 iudex
1081 3271 1275 3350 acerrimus,

352 3393 418 3439 non
438 3374 600 3458 praedicat
622 3375 736 3450 modo,
760 3376 818 3436 sed
839 3373 932 3436 etiam
953 3367 1096 3436 miratur.
1134 3375 1181 3439 At
1203 3398 1278 3438 cum

353 3477 407 3544 ille
429 3477 598 3540 vehemens
621 3478 701 3539 adeo
722 3475 819 3540 luerit
833 3475 906 3538 Fati
920 3486 1142 3560 oppugnator,
1167 3499 1279 3562 quem·

354 3583 520 3646 admodum
536 3581 619 3663 apud
634 3581 674 3642 B.
688 3577 905 3662 Augustinum
919 3578 1045 3642 haeresi
1059 3581 1099 3645 35
1114 3580 1280 3663 irrepserit

354 3685 485 3759 nescio,
522 3683 608 3748 hunc
639 3683 678 3746 ad
699 3680 860 3744 Valentini
891 3701 1019 3745 errores
1048 3682 1217 3747 addidisse
1238 3681 1280 3746 de

357 3807 439 3865 suo,
473 3794 512 3847 ut
532 3785 619 3847 Fato
648 3781 854 3848 adscriberet
882 3783 1151 3847 conversationes
1171 3782 1279 3843 homi·

361 3907 453 3947 num.
481 3885 546 3947 Sed
559 3882 652 3946 Mati.
671 3881 765 3947 Codd
787 3883 955 3946 clausulam
970 3882 1062 3945 istam
1077 3891 1277 3966 expungrmt.

355 3983 440 4050 Huic
473 4008 575 4072 porro
608 3985 795 4051 Bardesanis
832 3984 1033 4070 disputationi
1066 3982 1191 4068 gemina
1224 3980 1279 4047 illa
