2828 4792
1107 410 1145 472 tt

138 595 222 640 sona
244 573 319 654 iila,
345 575 457 661 quihus
479 577 678 660 implicantur
700 577 723 642 ii
745 578 799 662 qui
821 591 933 643 cuncta
955 579 1037 643 Fato
1060 579 1145 642 auant

136 679 225 744 fieri.
270 680 323 744 Sic
345 680 425 744 onim
453 681 613 765 permixto
641 673 788 747 sermone
816 685 1030 766 comparando
1064 683 1146 746 inter

136 805 175 846 se
198 783 364 865 opiniones
387 784 560 863 diversus
576 786 609 850 id
631 788 718 869 qnod
739 809 851 850 verum
873 800 938 863 est,
963 787 1063 871 magis
1084 807 1146 868 po-

135 897 234 950 netur
260 887 292 950 in
321 889 519 970 conspicuo:
556 901 588 954 et
619 912 685 953 non
706 891 767 954 ecit
787 891 880 955 nobis
901 913 1029 954 necesse
1050 912 1147 972 saepo

135 992 249 1054 eadem
270 1003 428 1072 repetere.
487 994 610 1058 Merito
638 1015 712 1058 sanc
740 995 871 1058 miretur
899 995 1029 1078 aliquis,
1064 1014 1146 1077 quo·

133 1097 235 1158 modo
258 1094 384 1177 quidam
406 1097 509 1160 dicant
531 1119 564 1162 se
586 1098 859 1180 philosophata
881 1099 1029 1162 latentem
1042 1099 1074 1162 in
1092 1120 1145 1160 nc·

134 1203 199 1263 bus
221 1199 387 1266 veritatem
407 1201 570 1286 indagare,
595 1205 647 1282 (ot
667 1205 732 1266 hoc
754 1202 1036 1279 cssc'oxistimant‚
1061 1205 1148 1286 quod

133 1325 237 1384 supra
270 1303 348 1366 alios
381 1303 524 1368 homines
556 1307 742 1388 philosophi
773 1306 979 1388 praecipuum
1010 1309 1145 1381 habent,

134 1409 222 1471 unde
245 1419 276 1470 et
299 1411 338 1470 ad
358 1407 441 1473 idem
463 1410 598 1474 studium
626 1413 797 1473 hortantur
824 1410 923 1490 alios)
957 1408 1012 1492 qui
1033 1431 1068 1472 se
1085 1413 1147 1472 ad·

133 1511 277 1574 dinei-init
298 1513 441 1596 opinioni
462 1527 574 1578 cimcta
589 1515 672 1577 Fato
686 1513 758 1578 ficri
779 1512 978 1578 aunamanti?
998 1516 1146 1598 adquam

135 1615 319 1700 confugere
341 1619 429 1682 solos
452 1618 592 1682 videmus
620 1620 764 1684 homines
793 1617 981 1696 illituum,
1017 1620 1149 1682 nullius-

136 1741 202 1803 que
224 1722 376 1785 honestae
399 1722 447 1786 rei
469 1722 529 1786 sibi
543 1723 720 1798 conscios,
756 1723 810 1806 qui
838 1723 959 1786 scilicet
978 1724 1010 1786 in
1034 1725 1148 1786 Fatum

135 1836 360 1887 transmoveat
382 1825 505 1906 culpam
527 1827 703 1902 malorum,
734 1826 765 1889 in
788 1849 868 1908 quae
889 1824 951 1908 ipsi
972 1829 1146 1901 devenene3

136 1948 221 2010 quae
243 1928 396 1991 sententia
418 1950 520 2013 neque
541 1931 636 1994 rebus
659 1929 855 1993 evidentibus
878 1930 1027 2015 conguiit
1039 1977 1049 2007 ,
1087 1953 1149 1995 noc

129 2031 201 2093 ‘fide
235 2031 347 2115 dignas
378 2033 473 2095 habet
506 2031 702 2097 ostensiones
732 2055 789 2096 cur
821 2055 872 2096 res
902 2033 948 2096 sio
974 2057 1009 2097 se
1030 2037 1148 2102 habero

136 2137 311 2198 credatur:
349 2136 620 2215 praetcrea'tollit
643 2157 766 2198 omnem
794 2137 826 2198 in
856 2138 996 2201 volendo
1018 2136 1147 2200 liberta·

136 2248 215 2302 tem.
277 2236 375 2318 Quod
403 2237 484 2302 enim
516 2238 614 2302 nnius
647 2261 688 2302 ex
717 2238 980 2321 disputationibus
1004 2241 1148 2307 damnum

135 2339 242 2423 accipi
263 2353 391 2422 potest,
423 2363 516 2426 quain
538 2342 566 2405 si
585 2342 646 2406 ista
667 2343 846 2411 admittatur
868 2342 1043 2406 sententia?
1079 2343 1147 2406 Pu·

131 2467 241 2529 *gnare
264 2461 331 2508 eain
354 2467 425 2507 cuni
446 2446 541 2510 rebus
565 2446 762 2508 evidentibus
785 2467 825 2508 eo
854 2458 958 2528 patet,
997 2450 1086 2530 qnod
1116 2459 1148 2510 et

138 2547 274 2611 rudibus
308 2561 339 2612 et
366 2549 559 2631 sapientibus
587 2563 772 2630 persuasum
794 2548 855 2626 sit,
895 2553 1046 2634 quiaehnn
1079 2572 1150 2614 esse

140 2641 322 2734 quac‘casu
345 2665 398 2714 aut
417 2653 504 2716 forte
525 2652 622 2727 finnt,
646 2664 813 2734 praetcrea
830 2673 903 2715 csse
925 2656 1077 2736 quaedam
1092 2676 1149 2716 an·

139 2753 270 2837 cipitia,
296 2777 376 2838 qnae
397 2755 468 2820 fieri
489 2756 612 2838 possint
634 2767 666 2817 et
686 2755 810 2836 possint
832 2777 896 2818 non
918 2755 1010 2831 ficri,
1046 2758 1149 2822 otio·

139 2881 214 2922 otim
235 2861 365 2924 ‘habene
393 2858 424 2922 in
461 2862 555 2950 nebus
583 2857 668 2920 istud
702 2857 801 2922 nihilo
831 2859 929 2943 magis
958 2861 1022 2924 hoc
1054 2883 1147 2943 (paam

98 2983 101 2986 ·
136 2963 219 3026 iilud
238 2983 367 3028 nasone
391 2975 450 3026 est.
503 2963 594 3042 Quae
616 2962 722 3026 omnia
741 2960 824 3024 tisoni
845 2975 1003 3044 noquuint
1022 2963 1069 3026 iili
1091 2965 1145 3047 qui

132 3065 350 3130 ·euncta=iieni
369 3065 455 3129 aiunt
476 3065 509 3130 vi
530 3063 745 3140 necessitatis,
781 3064 807 3126 si
828 3064 973 3126 nimirum
994 3066 1027 3128 id
1050 3089 1148 3130 voca-

137 3192 210 3232 mus
232 3167 316 3232 taleni
336 3191 411 3246 res,
431 3189 499 3232 non
521 3179 642 3230 mutare
664 3187 721 3242 ea,
758 3168 797 3228 ad
818 3187 895 3249 quas
926 3166 1147 3250 significandas

139 3273 299 3338 vocabula
326 3272 386 3335 ista
407 3284 535 3354 reporta
556 3283 640 3334 siant.
685 3272 798 3352 Neque
820 3269 901 3332 enim
925 3269 1004 3332 alios
1024 3269 1147 3354 signifi-

131 3389 230 3442 catus
252 3375 432 3440 nominibus
453 3374 625 3451 subiicere,
651 3385 686 3436 ut
707 3373 767 3435 illis
790 3372 985 3436 manentibus
1007 3393 1059 3434 res
1079 3395 1147 3435 naa-

131 3501 219 3545 *nerc
242 3480 426 3560 videantur,
460 3477 493 3540 id
515 3497 591 3540 vere
613 3476 695 3540 tueri
718 3488 788 3552 astr
808 3495 888 3558 quae
910 3487 1039 3556 recepta
1060 3487 1145 3546 sunt.

131 3586 257 3670 Neque
279 3583 360 3646 enim
381 3582 503 3644 saivurn
525 3592 650 3655 manet,
693 3581 850 3663 quaedam,
863 3580 950 3642 fonte
971 3578 1042 3642 fieri
1064 3581 1147 3659 apud

142 3709 232 3764 uim,
259 3685 326 3768 ‘qui
340 3705 422 3747 ‚roni
449 3683 550 3765 ipsam
578 3681 692 3744 tollens
721 3683 901 3746 necessario
930 3682 1146 3744 evenientibus
1171 3705 1179 3740 ι

141 3787 256 3856 nombn
279 3793 339 3878 dat,
352 3787 581 3854 fortuitonun:
619 3785 675 3850 sed
696 3786 893 3865 probandum
922 3784 966 3846 illi
988 3795 1055 3846 erat
1076 3785 1146 3865 ipsa
1237 3798 1240 3804 ·

141 3895 198 3958 illi
214 3913 311 3977 possa
334 3915 351 3954 a
374 3889 577 3966 sanciendi,
609 3890 648 3956 ds
669 3888 783 3974 quibus
804 3888 1010 3958 scriniorum
1031 3909 1145 3952 nomen
1189 3907 1192 3915 ·

141 3996 289 4082 usurpari
303 3998 404 4062 solet.
1072 4023 1076 4030 ·
