2774 4780
1070 402 1131 464 281

217 561 510 656 βουλεύεσθαι
530 564 837 656 βουλευόμεθα
857 575 952 660 περὶ
974 563 1132 646 ἰἰυτῶν]

221 672 363 757 Egregia
383 673 462 735 haec
481 672 577 736 lectio
599 684 630 735 et
652 673 901 756 supplementum
922 675 1069 747 lacunae,
1093 672 1134 732 ad

219 777 305 858 quod
326 775 488 838 emendavi
510 774 688 838 versionem
712 777 838 852 Groui,
864 778 996 838 debetur
1018 772 1133 838 Codici
1181 831 1183 837 Α

219 877 404 941 Hauniensi.
458 878 606 962 Sequitur
635 899 702 940 eam
736 890 766 941 et
799 880 972 963 Begolinus
1006 887 1133 940 vertens

219 979 350 1044 evidens
375 990 443 1061 est,
473 979 512 1044 de
534 978 654 1063 quibus
675 983 933 1061 consultamus,
965 981 1044 1061 plns
1070 979 1134 1042 eli-

224 1079 371 1162 quidex
392 1069 659 1156 consultatione,
678 1089 814 1160 praeter
828 1084 935 1160 ipsam
957 1077 1133 1144 consulta·
1168 1069 1171 1078 ¹

218 1179 368 1254 tionem,
387 1176 561 1240 habituros
592 1198 652 1240 nos
674 1179 868 1242 consultare
893 1179 931 1243 de
953 1181 1043 1260 ipsis.
1072 1177 1133 1246 Al·

218 1276 324 1352 dr'nae,
350 1275 457 1340 Casel.
474 1288 504 1340 et
519 1279 627 1340 Lond.
652 1279 751 1358 δῆλον
770 1272 828 1357 ὡς,
852 1281 884 1346 ἐν
907 1274 956 1357 ὁῐς
976 1271 1134 1364 βουλευό-

215 1382 311 1463 μεθα
332 1384 405 1466 περὶ
427 1375 533 1466 ἀυτῶν
560 1378 604 1444 ἐπ’
633 1375 716 1448 deri)
739 1377 777 1446 τὸ
798 1377 1028 1466 βουλεύεσθαι.
1044 1406 1143 1473 nepes

213 1480 338 1566 γίνεται
353 1485 465 1562 πλέον,
487 1478 589 1570 ἢπιρὶ
607 1485 669 1548 τῶν
684 1479 791 1549 ἄλλων
804 1486 1053 1572 βουλευομένοις
1067 1498 1131 1547 etc.
1211 1519 1218 1533 =

215 1584 327 1652 ceteris
350 1585 491 1648 omissis:
526 1588 613 1670 quod
635 1585 866 1650 Schulthessius
889 1588 934 1652 sic
957 1569 1131 1670 expressit:

215 1688 434 1767 saisentur,
469 1686 546 1749 dass
570 1709 629 1750 nnc
654 1687 716 1774 bey
744 1689 848 1754 denen
866 1690 1022 1774 Dmgen,
1054 1710 1136 1753 wor÷

219 1783 300 1848 uber
323 1789 382 1848 wir
407 1785 728 1868 Berethechtcgung
748 1790 933 1868 amelien,
963 1800 1134 1872 grdcserer

220 1884 380 1955 Vortheilt
393 1887 584 1963 zuwuctzst,
605 1887 658 1947 als
682 1907 773 1948 menn
796 1891 855 1949 wir
876 1908 938 1950 une
958 1889 1038 1950 uber
1052 1893 1134 1965 jene

220 1983 465 2047 rcrerwtilrnten
477 1983 586 2066 Dinge
599 1983 880 2067 berathrchlagen
893 1988 1033 2050 wttrden.
1055 1985 1127 2066 (0.)

130 2119 184 2198 10)
213 2112 264 2183 ἐπ’
305 2113 408 2186 Ιιἰυτό
450 2115 495 2184 τὸ
542 2115 833 2206 βουλεύεσθαι
868 2124 1133 2214 περιγίνεται

213 2223 353 2301 πλέον’,
377 2217 398 2303 ἢ
418 2228 512 2312 περὶ
532 2223 608 2290 τῶν
629 2221 1131 2314 ι’ἒλλωνβουλευομὲνυις]

213 2325 310 2409 Lego
336 2327 402 2392 ἐπεὶ
430 2320 512 2392 ἆυτὸ
541 2322 581 2391 τὸ
612 2321 838 2411 βουλεύεσθαι
870 2340 932 2392 etc.
967 2332 1131 2414 quomodo

213 2425 328 2511 legisse
350 2426 474 2490 videtur
496 2440 528 2491 et
549 2429 722 2514 Bagolinus
746 2443 873 2494 vertens
899 2453 981 2495 nam
1000 2444 1033 2497 et
1051 2453 1131 2496 con·
1234 2465 1237 2470 ·

212 2533 330 2594 sitium
357 2530 581 2612 adipiscimur
606 2533 711 2596 etiam
732 2532 772 2596 de
795 2533 877 2594 aliis
900 2533 1130 2596 consultantes

212 2625 295 2697 ἆυτό
310 2628 332 2693 i.
349 2653 382 2715 q.
398 2624 502 2716 μόνον
522 2642 557 2692 ut
579 2631 723 2714 saepius.=
759 2631 827 2696 Pro
842 2633 940 2698 πλέον
955 2634 1005 2693 ed.
1018 2633 1128 2694 Lond.

211 2735 307 2796 habet
341 2736 439 2799 πλέον
466 2729 488 2814 ἢ
518 2745 554 2796 ut
585 2737 777 2816 respondeat
806 2733 935 2798 lectioni
968 2745 1129 2816 receptae.
1213 2771 1215 2774 -

152 2885 157 2896 .
213 2836 299 2899 Vide
321 2837 439 2898 Notam
460 2838 713 2917 praecedentem.
750 2837 824 2918 (Ο.)
866 2835 952 2902 Mihi
972 2848 1058 2900 totus
1080 2835 1134 2899 lc-

173 2976 176 2986 =
212 2959 268 3000 cus
283 2937 326 2999 ita
341 2938 574 3002 constituendus
590 2939 733 3002 videtur:
765 2941 865 3020 δῆλον
879 2934 922 3016 ὡς
937 2940 970 3004 ἕν
984 2933 1034 3016 ὁῐς
1048 2940 1128 3022 stev-

212 3035 382 3126 λουόμεθα
410 3043 508 3106 πλέον
529 3059 567 3105 τι
589 3041 712 3122 ἕξοντες
739 3043 773 3106 ir
804 3042 865 3107 τοῦ
892 3036 1127 3125 βουλεύεσθαι,

211 3139 304 3232 παρὰ
325 3141 385 3207 τοῦ
411 3137 638 3227 βουλεύεσθαι
665 3149 739 3232 περὶ
768 3139 876 3210 ἀυτῶν
903 3139 948 3210 ἐπ’
979 3138 1061 3208 ἀυτὸ
1090 3140 1129 3208 τό

194 3239 435 3334 ,βουλεύεσθαι
455 3246 653 3335 περιγίνεται
673 3249 781 3314 πλέον.
823 3248 861 3311 In
883 3245 994 3328 quibus
1010 3265 1128 3328 sequor

213 3346 299 3411 Cod.
323 3349 429 3411 Havn.
458 3349 605 3430 emittens
633 3351 850 3412 tantummodo
887 3348 1019 3410 alterum
1048 3349 1134 3432 sscv—
1172 3395 1175 3400 s

212 3446 400 3538 λουόμεθα,
423 3453 510 3534 quod
529 3465 604 3533 post
626 3454 768 3516 lacunam
790 3432 947 3532 enpletnm
962 3471 1129 3531 perperam

212 3554 271 3618 init
292 3552 471 3635 repetitum.
516 3553 742 3634 Manifestum
764 3563 813 3619 eet
838 3550 933 3615 nobis
959 3553 993 3614 in
1017 3555 1058 3614 iis
1079 3574 1129 3616 re-

214 3656 296 3730 bus,
317 3656 355 3719 de
381 3655 500 3739 quibus
522 3675 561 3718 ec
578 3654 652 3730 fine
670 3653 911 3730 deliberamus,
934 3660 971 3714 ut
995 3651 1128 3712 utilitas

213 3755 336 3836 aliqua
360 3753 434 3818 inde
459 3751 553 3815 nobis
586 3752 764 3826 redundet,
797 3750 841 3813 ab
874 3752 939 3812 ista
966 3749 1129 3812 delibera·

213 3855 303 3918 tione
325 3852 488 3916 accedere
509 3850 557 3914 ud
573 3854 682 3931 ipsum
703 3849 976 3914 deliberationem
1000 3847 1075 3928 (per
1092 3865 1126 3908 re

214 3951 382 4030 inutilem)
402 3953 565 4020 maiorem
590 3949 986 4035 earnemcarnem,
1019 3964 1124 4030 quum
