2804 4786
1075 389 1137 454 319

214 563 414 650 Νέμεσιν
379 555 456 627 δ
436 555 502 628 απὸ
525 559 584 640 τῆς
605 553 730 652 ἑκάστω
744 554 994 681 διανεμήσεως,
999 555 1139 680 Ἀδρά

165 688 328 736 ,στειαν
349 666 384 737 δὲ
370 659 702 751 ὲᾶναπόδραστον’
682 663 794 729 αιτὶαν
808 658 912 738 ὀῦσαν
927 659 1013 730 κατὰ
1027 658 1139 757 φύσιν,

211 751 331 836 'Adai
352 762 429 834 δὲ
409 769 460 834 αεὶ
483 761 587 834 ὀῦσαν
608 779 671 830 etc.
715 765 792 848 (0.)

151 874 186 954 3)
215 867 358 938 οὐδὲ
342 894 433 938 εστι
460 866 731 961 πεπρωμένη]
774 865 967 936 Aldinae
929 893 991 940 ονιι
1012 869 1082 937 ἔστι
1103 873 1140 937 δὲ

215 977 417 1072 πεπρωμένη.
460 967 583 1036 Num
566 967 627 1038 ode
649 972 726 1051 ἐστι·
739 979 800 1058 μὲν
819 976 1032 1066 πεπρωμνη,
1052 987 1088 1038 ut
1108 975 1141 1038 in

214 1075 494 1142 antecedentibus?
524 1074 598 1155 (0.)

151 1184 185 1262 1)
214 1176 289 1248 οὐκ
311 1180 400 1247 ἔστι
419 1186 493 1266 μὲν
515 1177 704 1266 νέμεσις]
728 1177 897 1244 tta-casei.
917 1175 993 1247 οὐδὲ
1014 1184 1141 1270 νέμεσις

216 1287 327 1350 Lond.

153 1389 186 1468 5)
215 1381 539 1484 ἐπανόρθωσις]
572 1387 683 1450 Lond.
706 1380 948 1477 ἀπανόρθωσις
970 1408 1140 1471 operarum

161 1523 164 1530 ¹
218 1490 311 1556 vitio.
327 1484 487 1554 Ceterum
502 1491 541 1551 de
555 1485 620 1553 hoc
633 1487 794 1553 vocabuli)
809 1501 841 1552 et
855 1489 997 1552 affinibus
1019 1486 1140 1580 κατόρ-

215 1597 343 1680 θωμα,
364 1587 598 1682 νατόρθωσις,
620 1587 810 1679 διόρθωσις
830 1593 1011 1658 doctissime
1034 1593 1141 1677 dispu-

216 1708 262 1761 tat
283 1697 402 1760 Lobek
423 1693 464 1759 ad
486 1695 674 1776 Phrynich.
686 1717 721 1777 p.
745 1697 819 1760 250.
843 1717 935 1781 seqq.
958 1697 1033 1778 (Ο.)
1055 1699 1141 1763 Μοι(
1260 1687 1265 1696 ’

216 1791 289 1886 lege
311 1794 371 1866 οὐκ
393 1797 462 1864 ἔστι
485 1801 520 1864 δὲ
541 1801 644 1890 γέρως
664 1793 806 1879 ἀξίωσις.
842 1803 956 1882 (Casp.
978 1803 1099 1881 Orell.)

156 1906 190 1985 b)
219 1897 461 1996 ἀφῄρηται]
483 1903 592 1969 Havn.
613 1914 644 1966 et
663 1900 771 1967 Casei.
794 1897 978 1993 ἀπείρηται.
1000 1903 1141 1970 Vitiosc.

417 2115 424 2122 ’
526 2141 610 2185 ene.
634 2141 752 2182 xxxvi.

159 2338 191 2417 1)
221 2327 431 2416 δοξάντων
463 2328 604 2414 (ιἰιτία]
647 2336 782 2400 Aldinae
804 2335 951 2421 (quaein
971 2339 1142 2421 postremis

221 2439 313 2502 huius
335 2437 410 2501 libri
444 2435 598 2522 capitibus
625 2439 719 2560 plane
752 2441 948 2526 conspirant)
981 2437 1144 2524 δοξάντων

224 2537 311 2610 τινά.
343 2540 470 2606 vitiose.
986 2569 991 2581 ·

159 2647 194 2727 2)
224 2639 511 2724 αιτιασδαι]
523 2645 758 2711 Italiamne
781 2646 889 2714 Casel.
928 2643 1079 2715 Ceteri
1059 2672 1145 2717 αιτι-

69 2737 75 2748 ’
216 2753 352 2826 ,εἴσθαω
395 2749 498 2814 Male.
1227 2835 1231 2844 .

162 2852 196 2932 3)
224 2845 274 2929 ὥς
305 2851 527 2943 περὶττην]
568 2851 677 2918 Havn.
699 2867 731 2918 et
753 2856 885 2921 Aldinae
908 2854 951 2936 ὡς
970 2853 1145 2949 ἀπέριττον

172 2957 314 3037 quod
334 2956 431 3020 menti
452 2958 591 3024 auctoris
619 2957 720 3041 plane
742 2959 933 3023 contrarium
962 2973 1022 3024 est.
1070 2959 1145 3040 (0.)

225 3057 346 3127 verius
360 3057 535 3124 videtur
512 3065 716 3166 απέραντον,
737 3067 823 3128 ιιίΙιιἸ
842 3083 981 3144 prorsus
1004 3063 1145 3158 conclu·

225 3157 365 3226 dentem.
407 3157 526 3248 (Θαιρ.
541 3164 644 3230 Orell.
647 3169 661 3244 )

229 3253 415 3340 αἰιτίαις]
439 3260 590 3329 caset’
570 3263 690 3342 σιτίοις
711 3257 863 3328 Havn.'
843 3262 966 3330 σιτίων.

229 3359 396 3429 διαιταν
416 3362 484 3446 το]
520 3369 629 3432 Havn.
652 3364 711 3435 δια
730 3387 839 3434 τουτο

229 3471 298 3534 και
319 3461 388 3546 το]
417 3468 467 3532 Ita
489 3471 598 3535 Havn
621 3473 705 3536 Edd.
729 3495 768 3538 το
790 3495 854 3538 ναι

229 3563 455 3662 παράξειν]
481 3569 538 3636 Sic
560 3574 677 3657 optime
699 3577 808 3638 Havn.
830 3570 965 3638 Aldinae
987 3582 1018 3633 et
1040 3567 1148 3635 Casei.

120 3744 129 3770 ὗ
230 3693 250 3734 a
269 3667 432 3765 παράγειν
454 3672 630 3758 decipere,
647 3677 819 3743 ebducere
839 3697 862 3739 α
885 3695 979 3755 νενο,
999 3677 1085 3758 quod
1099 3675 1148 3739 sa-

233 3774 355 3840 ciebant
376 3777 551 3862 sophistae.
594 3777 704 3840 Lond.
732 3772 893 3867 ταράξειν.
936 3776 981 3857 (0
984 3778 1045 3857 )
1142 3793 1149 3806 “

169 3869 395 3958 81)ιια1διὰ
416 3879 512 3960 τοῦ]
546 3882 613 3946 Aut
635 3881 764 3944 delenda
787 3882 866 3944 bace
884 3883 1004 3957 verba
1031 3891 1083 3942 aut
1105 3880 1149 3941 le·
1185 3912 1189 3926 ·

232 3983 367 4064 gendum
383 3981 438 4052 δια
453 4009 561 4054 τνντο.
604 3985 674 4049 Nos
697 3995 843 4068 tanquam
864 3996 1010 4069 suspecta
1029 3981 1150 4048 uncinis
