2828 4792
1112 377 1152 443 93

595 551 696 614 VIII.

208 634 257 696 At
280 632 424 697 omnibus
447 647 533 700 certo
555 639 753 714 hominibus,
792 640 846 722 qui
876 637 1094 703 communibus
1114 657 1152 700 ae

135 734 340 802 naturalibus
355 740 475 804 notitiIs
491 745 672 820 adhaerent,
696 745 750 808 illa
772 744 917 806 dicuntur
932 763 1006 806 casu
1021 753 1051 803 et
1066 741 1151 804 sorte

135 842 235 918 fieri,
276 864 355 926 quae
377 859 614 928 consequuntur
635 869 755 911 causas·
773 847 901 910 alterius
924 845 971 909 rei
986 844 1151 928 principa·

136 947 218 1010 liter
249 948 439 1012 effectrices.
507 951 640 1030 Quoties
670 952 751 1016 enim
781 951 873 1014 alicui
901 951 965 1026 rei,
1006 971 1086 1032 quae
1115 949 1152 1010 fit

135 1063 284 1133 propter
305 1052 443 1136 aliquid,
475 1075 539 1117 non
567 1054 601 1118 id
622 1056 807 1130 comitatur,
848 1054 935 1118 cuins
964 1053 1066 1140 gratia
1099 1074 1151 1113 res

133 1153 197 1216 itta
219 1169 366 1238 suscepta
383 1165 448 1234 est,
472 1159 528 1220 sed
546 1158 629 1221 aliud
650 1158 727 1240 quid
748 1181 808 1220 neo
829 1171 1006 1240 speratum,
1031 1157 1063 1219 id
1081 1156 1151 1218 sor·

132 1270 218 1320 tuna
246 1257 317 1322 fieri
345 1260 477 1324 dicium:
515 1283 576 1344 per
604 1283 638 1324 se
666 1261 792 1346 quidem
822 1273 928 1324 ortum
950 1259 1015 1322 sine
1038 1279 1149 1321 eausa:

132 1384 200 1444 per
223 1364 409 1448 contingens
432 1378 536 1437 autem
558 1387 682 1428 causam
712 1365 830 1451 habens
859 1364 891 1426 id
913 1365 999 1447 quod
1023 1363 1149 1424 alterius

132 1465 189 1528 rei
209 1487 291 1552 ergo
313 1468 421 1532 fiebat.
467 1471 509 1532 Et
530 1472 594 1532 hoc
616 1483 684 1533 esse
707 1471 795 1552 quod
817 1491 925 1532 omnes
947 1455 1148 1550 intelligunt,

134 1593 224 1634 cum
237 1570 355 1655 aliquid
375 1573 506 1636 fortuna
528 1573 634 1637 dicunt
656 1571 743 1650 ficri,
770 1584 900 1654 apparet
922 1593 962 1634 ex
984 1570 1043 1644 iis,
1070 1590 1149 1651 quiae

132 1675 192 1738 isti
221 1676 330 1760 generi
358 1676 496 1757 supponi
517 1679 621 1740 solent
644 1676 808 1758 exemplis.
864 1678 946 1737 Nam
969 1675 1149 1735 thesaurum

135 1779 229 1842 aiunt
249 1780 336 1843 forte
358 1779 487 1844 fortuna
509 1781 688 1856 inventum,
728 1780 754 1843 si
784 1781 852 1863 quis
874 1778 998 1842 fodiens
1022 1772 1149 1837 alterius

133 1881 281 1962 utilitatis
314 1895 478 1966 respectu,
512 1906 576 1948 non
599 1896 634 1946 ut
661 1885 842 1974 thesaurum
865 1881 1041 1964 reperiret,
1080 1881 1149 1940 the-

134 1977 269 2048 saurum
295 1983 427 2050 invenit.
483 1989 565 2050 Nam
595 1987 649 2070 qui
684 1986 825 2050 thesauri
854 1982 1024 2070 quaerendi
1056 2003 1150 2045 causa

134 2089 277 2164 foderit,
301 2087 328 2152 is
351 2089 378 2153 si
400 2111 470 2154 eum
492 2090 648 2170 reperiet,
672 2113 737 2156 uon
758 2090 790 2152 id
806 2087 962 2150 adscribet
976 2087 1147 2149 fortunaes

137 2192 247 2256 evenit
269 2175 350 2254 enim
372 2193 401 2257 ei
422 2192 615 2270 hoc,.cuius
638 2213 694 2275 spe
715 2191 855 2256 fodiendi
876 2176 1024 2254 laborem
1042 2209 1148 2250 susee-

135 2306 244 2376 perat.
304 2296 350 2359 At
371 2296 398 2360 si
420 2298 488 2380 quis
518 2299 555 2359 de
583 2295 735 2361 thesauro
758 2296 941 2380 quaerendo
963 2314 1003 2354 no
1026 2283 1151 2376 cogita·'

136 2399 225 2462 verit
258 2397 403 2484 quidem,
457 2401 494 2464 ei.
519 2414 622 2465 ants-m
651 2400 735 2464 aliud
771 2399 876 2486 agenti
908 2399 951 2462 ita
981 2393 1150 2480 contigerit

136 2505 324 2566 thesaurum
345 2504 508 2587 reperire,
542 2507 633 2588 quasi
659 2505 693 2566 id
721 2503 780 2567 sihi
808 2502 969 2566 habuisset
998 2495 1147 2582 proposi·

136 2617 227 2681 tum,
253 2608 293 2668 ab
314 2609 378 2671 hoe
399 2609 484 2672 sorte
505 2610 635 2672 fortuna
651 2620 818 2690 repertum
838 2611 1018 2670 thesaurum
1043 2603 1149 2666 dicunt

137 2731 270 2786 omnes,
312 2722 344 2774 et
363 2711 450 2775 forte
471 2712 600 2776 fortuna
622 2724 802 2795 reportasse
822 2711 989 2794 pecuniam
1012 2712 1146 2788 dieitur,
1228 2779 1236 2794 ¹

137 2815 194 2897 qui
216 2835 288 2876 cum
310 2816 353 2876 ob
375 2815 460 2879 aliud
479 2815 642 2900 negotium
663 2817 694 2880 in
715 2816 821 2878 forum
836 2815 1022 2897 prodiisset,
1048 2816 1147 2878 obvio

138 2919 202 2983 sibi
221 2917 310 2981 facto
340 2920 482 2984 debitore
511 2923 675 3002 pecuniam
704 2942 811 2982 secum
843 2921 1000 2994 habente,
1039 2920 1078 2981 ab
1109 2941 1149 2986 eo
1174 3000 1177 3006 Ι

50 3041 54 3055 ’
139 3025 230 3104 quod
252 3021 312 3084 sihi
335 3035 424 3086 antea
446 3025 619 3085 debebatur
640 3022 809 3105 receperit.
853 3025 935 3085 Nam
958 3044 1028 3084 cnm
1045 3021 1077 3084 in
1095 3023 1148 3086 so·
1213 3046 1217 3050 ·

139 3147 212 3190 rum
234 3125 402 3208 processio
426 3125 510 3189 aIiud
531 3125 592 3190 sihi
612 3126 772 3189 habuisset
794 3109 1013 3207 propositum,
1044 3137 1147 3188 tamen

139 3229 201 3294 ista
223 3229 335 3294 crediti
357 3229 499 3310 receptio
521 3228 564 3292 ita
587 3231 753 3293 commode
776 3223 804 3292 ei
822 3227 945 3314 evenit,
970 3251 1147 3312 quanquam

141 3334 338 3410 accessorio,
377 3343 412 3394 ut
444 3353 506 3414 pro
527 3335 697 3416 proposito
718 3331 780 3418 ipsi
802 3331 932 3420 cesserit
954 3353 1046 3394 causa
1068 3331 1147 3394 effe-

140 3437 247 3514 ctrix,
283 3448 313 3500 et
343 3437 427 3502 aliud
448 3437 514 3500 eius
537 3437 750 3518 propositum.
818 3433 940 3499 Contra
969 3455 1048 3498 vero
1082 3455 1147 3498 non

141 3541 258 3606 dicitur
279 3541 365 3604 forte
387 3541 517 3604 fortuna
540 3539 609 3622 quis
632 3538 783 3602 creditum
813 3537 993 3620 recepisse,
1031 3537 1059 3600 si
1080 3539 1146 3606 ani·

140 3665 193 3709 mo
215 3643 249 3707 id
270 3643 473 3726 recipiendi
463 3667 496 3707 m
510 3643 620 3708 forum
632 3643 837 3724 processerit.
876 3641 1049 3706 Processio
1065 3642 1146 3733 enim

139 3747 199 3811 ista
220 3748 254 3811 it
276 3746 336 3812 erit
358 3760 526 3812 consecuta
549 3749 686 3870 quod
657 3745 716 3810 sibi
737 3753 964 3828 proposuerat.
989 3747 1032 3807 Et
1032 3767 1144 3832 equus

141 3861 229 3916 chsu
238 3863 382 3916 servatus
406 3852 569 3927 dieitur,
567 3851 614 3916 ¹si
633 3849 669 3912 is
667 3849 916 3933 pabulatione*
937 3861 989 3912 aut
1019 3839 1148 3912 alterius

142 3955 188 4018 rei
211 3975 305 4022 eausa
327 3955 476 4042 effugerit
497 3975 722 4038 possessores,
765 3953 912 4016 acciderit
936 3965 1037 4016 sotem
1060 3950 1146 4014 utin
