<?xml version="1.0" encoding="UTF-8"?>
<!DOCTYPE html PUBLIC "-//W3C//DTD XHTML 1.0 Transitional//EN"
    "http://www.w3.org/TR/xhtml1/DTD/xhtml1-transitional.dtd">
<html xmlns="http://www.w3.org/1999/xhtml" xml:lang="en" lang="en">
 <head>
  <title>
</title>
<meta http-equiv="Content-Type" content="text/html;charset=utf-8" />
  <meta name='ocr-system' content='tesseract 3.04.00' />
  <meta name='ocr-capabilities' content='ocr_page ocr_carea ocr_par ocr_line ocrx_word'/>
</head>
<body>
  <div class='ocr_page' id='page_1' title='image "./alexandriaphrod01bardgoog_0021.png"; bbox 0 0 2828 4792; ppageno 0'>
   <div class='ocr_carea' id='block_1_1' title="bbox 284 429 305 490">
    <p class='ocr_par' dir='ltr' id='par_1_1' title="bbox 284 429 305 490">
     <span class='ocr_line' id='line_1_1' title="bbox 284 429 305 490; baseline 0 0"><span class='ocrx_word' id='word_1_1' title='bbox 284 429 305 490; x_wconf 67' lang='lat'>4</span> 
     </span>
    </p>
   </div>
   <div class='ocr_carea' id='block_1_2' title="bbox 184 591 1299 4124">
    <p class='ocr_par' dir='ltr' id='par_1_2' title="bbox 188 591 1299 3376">
     <span class='ocr_line' id='line_1_2' title="bbox 283 591 1298 690; baseline 0.001 -23"><span class='ocrx_word' id='word_1_2' title='bbox 283 623 318 667; x_wconf 90' lang='grc' dir='ltr'><em>τε</em></span> <span class='ocrx_word' id='word_1_3' title='bbox 339 604 396 666; x_wconf 82' lang='grc' dir='ltr'><em>καὶ</em></span> <span class='ocrx_word' id='word_1_4' title='bbox 417 601 467 666; x_wconf 78' lang='grc' dir='ltr'><em>ἐπὶ</em></span> <span class='ocrx_word' id='word_1_5' title='bbox 488 591 597 665; x_wconf 86' lang='grc' dir='ltr'><em>πάντα</em></span> <span class='ocrx_word' id='word_1_6' title='bbox 625 596 792 668; x_wconf 80' lang='grc' dir='ltr'><strong><em>διατείνει·</em></strong></span> <span class='ocrx_word' id='word_1_7' title='bbox 829 593 869 666; x_wconf 81' lang='grc' dir='ltr'><em>οὗ</em></span> <span class='ocrx_word' id='word_1_8' title='bbox 898 595 964 690; x_wconf 83' lang='grc' dir='ltr'><em>γάρ</em></span> <span class='ocrx_word' id='word_1_9' title='bbox 992 593 1113 688; x_wconf 84' lang='grc' dir='ltr'><em>ὁμοίως</em></span> <span class='ocrx_word' id='word_1_10' title='bbox 1140 604 1214 688; x_wconf 77' lang='grc' dir='ltr'><em>περ)</em></span> <span class='ocrx_word' id='word_1_11' title='bbox 1236 597 1298 681; x_wconf 84' lang='grc' dir='ltr'><em>τάς</em></span> 
     </span>
     <span class='ocr_line' id='line_1_3' title="bbox 281 695 1297 794; baseline 0.002 -24"><span class='ocrx_word' id='word_1_12' title='bbox 281 698 415 794; x_wconf 82' lang='grc' dir='ltr'><em>πράξεις</em></span> <span class='ocrx_word' id='word_1_13' title='bbox 436 700 569 789; x_wconf 80' lang='grc' dir='ltr'><em>ἔχουσιν</em></span> <span class='ocrx_word' id='word_1_14' title='bbox 594 695 626 768; x_wconf 88' lang='grc' dir='ltr'><em>ὁί</em></span> <span class='ocrx_word' id='word_1_15' title='bbox 653 724 688 767; x_wconf 85' lang='grc' dir='ltr'><em>τε</em></span> <span class='ocrx_word' id='word_1_16' title='bbox 719 697 830 768; x_wconf 87' lang='grc' dir='ltr'><em>πάντα</em></span> <span class='ocrx_word' id='word_1_17' title='bbox 858 701 892 784; x_wconf 79' lang='grc' dir='ltr'><em>ἐξ</em></span> <span class='ocrx_word' id='word_1_18' title='bbox 920 696 1065 789; x_wconf 70' lang='grc' dir='ltr'><em>ἀνάγκης</em></span> <span class='ocrx_word' id='word_1_19' title='bbox 1096 726 1131 771; x_wconf 84' lang='grc' dir='ltr'><em>τε</em></span> <span class='ocrx_word' id='word_1_20' title='bbox 1163 701 1209 785; x_wconf 79' lang='lat'><em>¹²)</em></span> <span class='ocrx_word' id='word_1_21' title='bbox 1240 710 1297 772; x_wconf 79' lang='grc' dir='ltr'><em>καὶ</em></span> 
     </span>
     <span class='ocr_line' id='line_1_4' title="bbox 282 800 1299 895; baseline 0.003 -23"><span class='ocrx_word' id='word_1_22' title='bbox 282 800 365 872; x_wconf 79' lang='grc' dir='ltr'><em>καθ’</em></span> <span class='ocrx_word' id='word_1_23' title='bbox 389 806 586 895; x_wconf 81' lang='grc' dir='ltr'><em>ἑιμαρμένην</em></span> <span class='ocrx_word' id='word_1_24' title='bbox 606 804 765 891; x_wconf 85' lang='grc' dir='ltr'><em>γίνεσθαι</em></span> <span class='ocrx_word' id='word_1_25' title='bbox 776 800 1051 886; x_wconf 83' lang='grc' dir='ltr'><em>πεπιστευκότες,</em></span> <span class='ocrx_word' id='word_1_26' title='bbox 1091 811 1148 874; x_wconf 82' lang='grc' dir='ltr'><em>καὶ</em></span> <span class='ocrx_word' id='word_1_27' title='bbox 1168 802 1220 886; x_wconf 85' lang='grc' dir='ltr'><em>ὁῖς</em></span> <span class='ocrx_word' id='word_1_28' title='bbox 1242 810 1299 875; x_wconf 90' lang='grc' dir='ltr'><em>δο-</em></span> 
     </span>
     <span class='ocr_line' id='line_1_5' title="bbox 281 902 1298 995; baseline 0.004 -21"><span class='ocrx_word' id='word_1_29' title='bbox 281 913 335 974; x_wconf 88' lang='grc' dir='ltr'><em>κεῖ</em></span> <span class='ocrx_word' id='word_1_30' title='bbox 350 908 509 994; x_wconf 88' lang='grc' dir='ltr'><em>γίνεσθαί</em></span> <span class='ocrx_word' id='word_1_31' title='bbox 529 931 621 988; x_wconf 85' lang='grc' dir='ltr'><em>τινα,</em></span> <span class='ocrx_word' id='word_1_32' title='bbox 664 902 689 974; x_wconf 85' lang='grc' dir='ltr'><em>όί</em></span> <span class='ocrx_word' id='word_1_33' title='bbox 709 913 766 974; x_wconf 83' lang='grc' dir='ltr'><em>καὶ</em></span> <span class='ocrx_word' id='word_1_34' title='bbox 785 905 831 995; x_wconf 82' lang='grc' dir='ltr'><em>μὴ</em></span> <span class='ocrx_word' id='word_1_35' title='bbox 854 910 899 990; x_wconf 75' lang='lat'><em>¹⁵)</em></span> <span class='ocrx_word' id='word_1_36' title='bbox 921 909 981 974; x_wconf 86' lang='grc' dir='ltr'><em>τοῦ</em></span> <span class='ocrx_word' id='word_1_37' title='bbox 1001 904 1132 988; x_wconf 83' lang='grc' dir='ltr'><em>πάντως</em></span> <span class='ocrx_word' id='word_1_38' title='bbox 1154 909 1298 978; x_wconf 82' lang='grc' dir='ltr'><em>ἔσεσθαι</em></span> 
     </span>
     <span class='ocr_line' id='line_1_6' title="bbox 281 1003 1298 1105; baseline 0.004 -28"><span class='ocrx_word' id='word_1_39' title='bbox 281 1013 638 1102; x_wconf 85' lang='grc' dir='ltr'><em>προκαταβεβλημέυας</em></span> <span class='ocrx_word' id='word_1_40' title='bbox 656 1007 769 1089; x_wconf 80' lang='grc' dir='ltr'><em>’ἀντίας</em></span> <span class='ocrx_word' id='word_1_41' title='bbox 791 1010 902 1100; x_wconf 81' lang='grc' dir='ltr'><em>ἔχουσι</em></span> <span class='ocrx_word' id='word_1_42' title='bbox 924 1003 988 1093; x_wconf 67' lang='grc'><strong>22)·</strong></span> <span class='ocrx_word' id='word_1_43' title='bbox 1028 1003 1085 1096; x_wconf 77' lang='grc' dir='ltr'><em>η’τε</em></span> <span class='ocrx_word' id='word_1_44' title='bbox 1107 1007 1232 1105; x_wconf 83' lang='grc' dir='ltr'><em>έόρεσις</em></span> <span class='ocrx_word' id='word_1_45' title='bbox 1253 1016 1298 1098; x_wconf 83' lang='lat'><em>²⁵)</em></span> 
     </span>
     <span class='ocr_line' id='line_1_7' title="bbox 281 1109 1298 1210; baseline 0.005 -31"><span class='ocrx_word' id='word_1_46' title='bbox 281 1111 341 1196; x_wconf 78' lang='grc' dir='ltr'><em>της</em></span> <span class='ocrx_word' id='word_1_47' title='bbox 361 1109 528 1195; x_wconf 74' lang='grc' dir='ltr'><em>ἀληθείας</em></span> <span class='ocrx_word' id='word_1_48' title='bbox 549 1115 609 1195; x_wconf 79' lang='grc' dir='ltr'><em>τῆς</em></span> <span class='ocrx_word' id='word_1_49' title='bbox 630 1116 664 1180; x_wconf 81' lang='grc' dir='ltr'><em>ἐν</em></span> <span class='ocrx_word' id='word_1_50' title='bbox 685 1111 770 1209; x_wconf 78' lang='grc' dir='ltr'><em>ἀυτῇ</em></span> <span class='ocrx_word' id='word_1_51' title='bbox 791 1110 1007 1202; x_wconf 78' lang='grc' dir='ltr'><em>χαλεπωτάτη</em></span> <span class='ocrx_word' id='word_1_52' title='bbox 1037 1119 1129 1183; x_wconf 87' lang='grc' dir='ltr'><em>δοκεῖ</em></span> <span class='ocrx_word' id='word_1_53' title='bbox 1153 1114 1214 1199; x_wconf 78' lang='lat'>¹⁶),</span> <span class='ocrx_word' id='word_1_54' title='bbox 1251 1118 1298 1210; x_wconf 78' lang='grc' dir='ltr'><em>τῷ</em></span> 
     </span>
     <span class='ocr_line' id='line_1_8' title="bbox 282 1215 1298 1313; baseline 0.005 -30"><span class='ocrx_word' id='word_1_55' title='bbox 282 1219 390 1284; x_wconf 81' lang='grc' dir='ltr'><em>δοκεῖν</em></span> <span class='ocrx_word' id='word_1_56' title='bbox 421 1217 486 1283; x_wconf 83' lang='grc' dir='ltr'><em>τῶν</em></span> <span class='ocrx_word' id='word_1_57' title='bbox 516 1217 618 1298; x_wconf 75' lang='grc' dir='ltr'><em>δοξῶν</em></span> <span class='ocrx_word' id='word_1_58' title='bbox 645 1217 786 1310; x_wconf 75' lang='grc' dir='ltr'><em>ἑκατέρη</em></span> <span class='ocrx_word' id='word_1_59' title='bbox 817 1215 928 1286; x_wconf 73' lang='grc' dir='ltr'><em>πολλοὶ</em></span> <span class='ocrx_word' id='word_1_60' title='bbox 961 1219 1006 1303; x_wconf 82' lang='lat'><em>¹⁷)</em></span> <span class='ocrx_word' id='word_1_61' title='bbox 1044 1215 1298 1313; x_wconf 74' lang='grc' dir='ltr'><em>ἀντιμαρτυρεῖν</em></span> 
     </span>
     <span class='ocr_line' id='line_1_9' title="bbox 280 1316 1298 1412; baseline 0.006 -26"><span class='ocrx_word' id='word_1_62' title='bbox 280 1321 344 1387; x_wconf 81' lang='grc' dir='ltr'><em>τῶν</em></span> <span class='ocrx_word' id='word_1_63' title='bbox 366 1321 519 1412; x_wconf 76' lang='grc' dir='ltr'><em>ἐναργῶν.</em></span> <span class='ocrx_word' id='word_1_64' title='bbox 557 1316 652 1387; x_wconf 71' lang='grc' dir='ltr'><em>Ἐπεὶ</em></span> <span class='ocrx_word' id='word_1_65' title='bbox 673 1323 709 1387; x_wconf 84' lang='grc' dir='ltr'><em>δὲ</em></span> <span class='ocrx_word' id='word_1_66' title='bbox 731 1323 822 1388; x_wconf 81' lang='grc' dir='ltr'><em>ἐνίων</em></span> <span class='ocrx_word' id='word_1_67' title='bbox 843 1318 1016 1409; x_wconf 80' lang='grc' dir='ltr'><em>δογμάτων</em></span> <span class='ocrx_word' id='word_1_68' title='bbox 1037 1321 1222 1406; x_wconf 82' lang='grc' dir='ltr'><em>κατασκευὴ</em></span> <span class='ocrx_word' id='word_1_69' title='bbox 1241 1320 1298 1392; x_wconf 87' lang='grc' dir='ltr'><em>διά</em></span> 
     </span>
     <span class='ocr_line' id='line_1_10' title="bbox 281 1419 1298 1514; baseline 0.007 -26"><span class='ocrx_word' id='word_1_70' title='bbox 281 1419 341 1505; x_wconf 80' lang='grc' dir='ltr'><em>τὴν</em></span> <span class='ocrx_word' id='word_1_71' title='bbox 361 1420 445 1514; x_wconf 88' lang='grc' dir='ltr'><em>πρὸς</em></span> <span class='ocrx_word' id='word_1_72' title='bbox 466 1419 543 1502; x_wconf 79' lang='grc' dir='ltr'><em>τοὺς</em></span> <span class='ocrx_word' id='word_1_73' title='bbox 563 1420 609 1510; x_wconf 85' lang='grc' dir='ltr'><em>μη</em></span> <span class='ocrx_word' id='word_1_74' title='bbox 633 1419 754 1510; x_wconf 86' lang='grc' dir='ltr'><em>ὁμοίως</em></span> <span class='ocrx_word' id='word_1_75' title='bbox 775 1427 931 1510; x_wconf 83' lang='grc' dir='ltr'><em>λέγοντας</em></span> <span class='ocrx_word' id='word_1_76' title='bbox 958 1421 1150 1513; x_wconf 75' lang='grc' dir='ltr'><em>ἀντιλογίαν</em></span> <span class='ocrx_word' id='word_1_77' title='bbox 1173 1427 1298 1514; x_wconf 89' lang='grc' dir='ltr'><em>γίνεται</em></span> 
     </span>
     <span class='ocr_line' id='line_1_11' title="bbox 281 1515 1298 1620; baseline 0.003 -26"><span class='ocrx_word' id='word_1_78' title='bbox 281 1529 494 1620; x_wconf 75' lang='grc' dir='ltr'><em>φανερωτέρα</em></span> <span class='ocrx_word' id='word_1_79' title='bbox 524 1515 583 1608; x_wconf 83' lang='grc' dir='ltr'><em>[ὧν</em></span> <span class='ocrx_word' id='word_1_80' title='bbox 611 1528 643 1594; x_wconf 79' lang='grc' dir='ltr'><em>ἐν</em></span> <span class='ocrx_word' id='word_1_81' title='bbox 676 1532 747 1605; x_wconf 85' lang='grc' dir='ltr'><em>τοῖς</em></span> <span class='ocrx_word' id='word_1_82' title='bbox 774 1522 921 1613; x_wconf 87' lang='grc' dir='ltr'><em>μάλιστα</em></span> <span class='ocrx_word' id='word_1_83' title='bbox 950 1523 1019 1594; x_wconf 78' lang='grc' dir='ltr'><em>κατ’</em></span> <span class='ocrx_word' id='word_1_84' title='bbox 1049 1524 1155 1597; x_wconf 80' lang='grc' dir='ltr'><em>ἀντοῦ</em></span> <span class='ocrx_word' id='word_1_85' title='bbox 1183 1531 1216 1598; x_wconf 81' lang='grc' dir='ltr'><em>τό</em></span> <span class='ocrx_word' id='word_1_86' title='bbox 1251 1531 1298 1614; x_wconf 76' lang='grc' dir='ltr'><em>ἐίη</em></span> 
     </span>
     <span class='ocr_line' id='line_1_12' title="bbox 281 1623 1297 1728; baseline 0.005 -32"><span class='ocrx_word' id='word_1_87' title='bbox 281 1625 323 1697; x_wconf 82' lang='grc' dir='ltr'><em>ἀν</em></span> <span class='ocrx_word' id='word_1_88' title='bbox 343 1629 439 1719; x_wconf 80' lang='grc' dir='ltr'><em>μείζω</em></span> <span class='ocrx_word' id='word_1_89' title='bbox 469 1631 529 1712; x_wconf 80' lang='lat'>¹⁸),</span> <span class='ocrx_word' id='word_1_90' title='bbox 564 1625 587 1712; x_wconf 82' lang='grc' dir='ltr'><em>ἢ</em></span> <span class='ocrx_word' id='word_1_91' title='bbox 618 1626 706 1696; x_wconf 88' lang='grc' dir='ltr'><em>κατά</em></span> <span class='ocrx_word' id='word_1_92' title='bbox 734 1625 987 1721; x_wconf 77' lang='grc' dir='ltr'><em>Ἀριστοτέλους</em></span> <span class='ocrx_word' id='word_1_93' title='bbox 1002 1717 1007 1728; x_wconf 31' lang='grc' dir='ltr'>ι</span> <span class='ocrx_word' id='word_1_94' title='bbox 1022 1627 1122 1714; x_wconf 83' lang='grc' dir='ltr'><em>δόξαν</em></span> <span class='ocrx_word' id='word_1_95' title='bbox 1157 1623 1297 1719; x_wconf 71' lang='grc' dir='ltr'><em>εἰπεῖνς]</em></span> 
     </span>
     <span class='ocr_line' id='line_1_13' title="bbox 281 1727 1297 1830; baseline 0.004 -30"><span class='ocrx_word' id='word_1_96' title='bbox 281 1728 467 1815; x_wconf 79' lang='grc' dir='ltr'><em>ποιήσομαι</em></span> <span class='ocrx_word' id='word_1_97' title='bbox 496 1729 553 1800; x_wconf 86' lang='grc' dir='ltr'><em>τὸν</em></span> <span class='ocrx_word' id='word_1_98' title='bbox 584 1727 685 1820; x_wconf 92' lang='grc' dir='ltr'><em>λόγον</em></span> <span class='ocrx_word' id='word_1_99' title='bbox 711 1730 795 1825; x_wconf 86' lang='grc' dir='ltr'><em>πρὸς</em></span> <span class='ocrx_word' id='word_1_100' title='bbox 825 1731 903 1812; x_wconf 84' lang='grc' dir='ltr'><em>τοὺς</em></span> <span class='ocrx_word' id='word_1_101' title='bbox 935 1729 1001 1828; x_wconf 73' lang='grc' dir='ltr'><em>οὐχ’</em></span> <span class='ocrx_word' id='word_1_102' title='bbox 1032 1731 1154 1824; x_wconf 84' lang='grc' dir='ltr'><em>ὁμοίως</em></span> <span class='ocrx_word' id='word_1_103' title='bbox 1191 1737 1297 1830; x_wconf 81' lang='grc' dir='ltr'><em>ἐκείνῳ</em></span> 
     </span>
     <span class='ocr_line' id='line_1_14' title="bbox 188 1827 1299 1932; baseline 0.005 -29"><span class='ocrx_word' id='word_1_104' title='bbox 188 1855 190 1860; x_wconf 88' lang='grc'><strong><em>·</em></strong></span> <span class='ocrx_word' id='word_1_105' title='bbox 280 1841 354 1928; x_wconf 81' lang='grc' dir='ltr'><em>περ)</em></span> <span class='ocrx_word' id='word_1_106' title='bbox 382 1832 508 1905; x_wconf 82' lang='grc' dir='ltr'><em>τούτων</em></span> <span class='ocrx_word' id='word_1_107' title='bbox 535 1831 725 1928; x_wconf 92' lang='grc' dir='ltr'><em>εἰρηκότας,</em></span> <span class='ocrx_word' id='word_1_108' title='bbox 762 1827 851 1916; x_wconf 88' lang='grc' dir='ltr'><em>όπως</em></span> <span class='ocrx_word' id='word_1_109' title='bbox 882 1838 916 1905; x_wconf 72' lang='grc' dir='ltr'><em>ἓν</em></span> <span class='ocrx_word' id='word_1_110' title='bbox 951 1839 991 1932; x_wconf 75' lang='grc' dir='ltr'><em>τῇ</em></span> <span class='ocrx_word' id='word_1_111' title='bbox 1011 1839 1086 1906; x_wconf 81' lang='grc' dir='ltr'><em>ιτῶν</em></span> <span class='ocrx_word' id='word_1_112' title='bbox 1118 1842 1299 1929; x_wconf 88' lang='grc' dir='ltr'><em>λεγομένων</em></span> 
     </span>
     <span class='ocr_line' id='line_1_15' title="bbox 280 1934 1297 2034; baseline 0.003 -26"><span class='ocrx_word' id='word_1_113' title='bbox 280 1943 473 2032; x_wconf 70' lang='grc' dir='ltr'><em>παραθέσει</em></span> <span class='ocrx_word' id='word_1_114' title='bbox 494 1935 723 2034; x_wconf 78' lang='grc' dir='ltr'><em>φανερώτερον</em></span> <span class='ocrx_word' id='word_1_115' title='bbox 743 1934 822 2027; x_wconf 81' lang='grc' dir='ltr'><em>ἡμῖν</em></span> <span class='ocrx_word' id='word_1_116' title='bbox 852 1935 1004 2024; x_wconf 81' lang='grc' dir='ltr'><em>τάληθὲς</em></span> <span class='ocrx_word' id='word_1_117' title='bbox 1037 1945 1182 2029; x_wconf 83' lang='grc' dir='ltr'><em>γένηται.</em></span> <span class='ocrx_word' id='word_1_118' title='bbox 1202 1939 1297 2012; x_wconf 85' lang='grc' dir='ltr'><em>Ἔστι</em></span> 
     </span>
     <span class='ocr_line' id='line_1_16' title="bbox 280 2037 1299 2137; baseline -0.002 -23"><span class='ocrx_word' id='word_1_119' title='bbox 280 2045 316 2114; x_wconf 74' lang='grc' dir='ltr'><em>δὲ</em></span> <span class='ocrx_word' id='word_1_120' title='bbox 345 2038 365 2126; x_wconf 83' lang='grc' dir='ltr'><strong><em>ἡ</em></strong></span> <span class='ocrx_word' id='word_1_121' title='bbox 398 2044 463 2112; x_wconf 78' lang='grc' dir='ltr'><em>τῶν</em></span> <span class='ocrx_word' id='word_1_122' title='bbox 489 2038 596 2130; x_wconf 91' lang='grc' dir='ltr'><em>λόγων</em></span> <span class='ocrx_word' id='word_1_123' title='bbox 628 2044 692 2110; x_wconf 79' lang='grc' dir='ltr'><em>τῶν</em></span> <span class='ocrx_word' id='word_1_124' title='bbox 724 2037 888 2135; x_wconf 77' lang='grc' dir='ltr'><em>ίμετέρων</em></span> <span class='ocrx_word' id='word_1_125' title='bbox 913 2044 1107 2136; x_wconf 85' lang='grc' dir='ltr'><em>προαίρεσις</em></span> <span class='ocrx_word' id='word_1_126' title='bbox 1143 2042 1189 2114; x_wconf 78' lang='grc' dir='ltr'><em>οά</em></span> <span class='ocrx_word' id='word_1_127' title='bbox 1214 2043 1299 2137; x_wconf 86' lang='grc' dir='ltr'><em>πρὸς</em></span> 
     </span>
     <span class='ocr_line' id='line_1_17' title="bbox 280 2142 1298 2237; baseline 0.003 -24"><span class='ocrx_word' id='word_1_128' title='bbox 280 2146 430 2228; x_wconf 79' lang='grc' dir='ltr'><em>ἐπίδειξιν</em></span> <span class='ocrx_word' id='word_1_129' title='bbox 450 2151 634 2227; x_wconf 83' lang='grc' dir='ltr'><em>νενευκυῖα,</em></span> <span class='ocrx_word' id='word_1_130' title='bbox 664 2142 854 2237; x_wconf 78' lang='grc' dir='ltr'><em>ἀλλὰπρὸς</em></span> <span class='ocrx_word' id='word_1_131' title='bbox 879 2146 1023 2228; x_wconf 80' lang='grc' dir='ltr'><em>ἐξέτασίν</em></span> <span class='ocrx_word' id='word_1_132' title='bbox 1052 2173 1088 2215; x_wconf 90' lang='grc' dir='ltr'><em>τε</em></span> <span class='ocrx_word' id='word_1_133' title='bbox 1114 2153 1170 2219; x_wconf 86' lang='grc' dir='ltr'><em>καὶ</em></span> <span class='ocrx_word' id='word_1_134' title='bbox 1202 2151 1298 2218; x_wconf 85' lang='grc' dir='ltr'><em>διδα-</em></span> 
     </span>
     <span class='ocr_line' id='line_1_18' title="bbox 280 2245 1298 2344; baseline 0.003 -28"><span class='ocrx_word' id='word_1_135' title='bbox 280 2251 422 2338; x_wconf 85' lang='grc' dir='ltr'><em>σκαλίαν</em></span> <span class='ocrx_word' id='word_1_136' title='bbox 452 2252 517 2317; x_wconf 81' lang='grc' dir='ltr'><em>τῶν</em></span> <span class='ocrx_word' id='word_1_137' title='bbox 544 2254 764 2339; x_wconf 80' lang='grc' dir='ltr'><em>προκειμένων</em></span> <span class='ocrx_word' id='word_1_138' title='bbox 795 2245 1034 2344; x_wconf 75' lang='grc' dir='ltr'><em>ἀκριβεστέραν</em></span> <span class='ocrx_word' id='word_1_139' title='bbox 1061 2245 1102 2334; x_wconf 76' lang='grc' dir='ltr'><em>ἣν</em></span> <span class='ocrx_word' id='word_1_140' title='bbox 1133 2251 1189 2319; x_wconf 81' lang='grc' dir='ltr'><em>καὶ</em></span> <span class='ocrx_word' id='word_1_141' title='bbox 1211 2246 1298 2342; x_wconf 79' lang='grc' dir='ltr'><em>ὑμᾶς</em></span> 
     </span>
     <span class='ocr_line' id='line_1_19' title="bbox 281 2347 1298 2446; baseline 0.004 -26"><span class='ocrx_word' id='word_1_142' title='bbox 281 2355 383 2421; x_wconf 78' lang='grc' dir='ltr'><em>πᾶσιν</em></span> <span class='ocrx_word' id='word_1_143' title='bbox 405 2347 456 2432; x_wconf 86' lang='grc' dir='ltr'><em>όῖς</em></span> <span class='ocrx_word' id='word_1_144' title='bbox 477 2349 640 2446; x_wconf 82' lang='grc' dir='ltr'><em>πράσσετε</em></span> <span class='ocrx_word' id='word_1_145' title='bbox 662 2354 706 2436; x_wconf 81' lang='grc'><em>19)</em></span> <span class='ocrx_word' id='word_1_146' title='bbox 729 2347 814 2445; x_wconf 79' lang='grc' dir='ltr'><em>όρᾷν</em></span> <span class='ocrx_word' id='word_1_147' title='bbox 836 2353 959 2422; x_wconf 80' lang='grc' dir='ltr'><em>ἔνεστιν</em></span> <span class='ocrx_word' id='word_1_148' title='bbox 981 2349 1203 2438; x_wconf 77' lang='grc' dir='ltr'><em>ἐζηλωκότας,</em></span> <span class='ocrx_word' id='word_1_149' title='bbox 1240 2351 1298 2424; x_wconf 82' lang='grc' dir='ltr'><em>οὖ-</em></span> 
     </span>
     <span class='ocr_line' id='line_1_20' title="bbox 281 2445 1298 2553; baseline 0.004 -29"><span class='ocrx_word' id='word_1_150' title='bbox 281 2455 396 2546; x_wconf 84' lang='grc' dir='ltr'><em>δεμίαν</em></span> <span class='ocrx_word' id='word_1_151' title='bbox 423 2453 488 2549; x_wconf 86' lang='grc' dir='ltr'><em>γὰρ</em></span> <span class='ocrx_word' id='word_1_152' title='bbox 516 2457 635 2548; x_wconf 76' lang='grc' dir='ltr'><em>πρᾶξιν</em></span> <span class='ocrx_word' id='word_1_153' title='bbox 655 2451 745 2544; x_wconf 78' lang='grc' dir='ltr'><em>ὑμῶν</em></span> <span class='ocrx_word' id='word_1_154' title='bbox 767 2458 855 2524; x_wconf 81' lang='grc' dir='ltr'><em>ἐστὶν</em></span> <span class='ocrx_word' id='word_1_155' title='bbox 882 2458 1005 2550; x_wconf 84' lang='grc' dir='ltr'><em>έυρεῖν,</em></span> <span class='ocrx_word' id='word_1_156' title='bbox 1041 2459 1074 2526; x_wconf 79' lang='grc' dir='ltr'><em>ἐν</em></span> <span class='ocrx_word' id='word_1_157' title='bbox 1100 2445 1121 2553; x_wconf 79' lang='grc' dir='ltr'><strong><em>ᾗ</em></strong></span> <span class='ocrx_word' id='word_1_158' title='bbox 1153 2458 1203 2541; x_wconf 70' lang='grc'><em>20)</em></span> <span class='ocrx_word' id='word_1_159' title='bbox 1237 2455 1298 2542; x_wconf 80' lang='grc' dir='ltr'><em>τὴν</em></span> 
     </span>
     <span class='ocr_line' id='line_1_21' title="bbox 279 2555 1298 2654; baseline 0.003 -25"><span class='ocrx_word' id='word_1_160' title='bbox 279 2561 471 2654; x_wconf 83' lang='grc' dir='ltr'><em>φαντασίαν</em></span> <span class='ocrx_word' id='word_1_161' title='bbox 491 2558 557 2653; x_wconf 86' lang='grc' dir='ltr'><em>πρὸ</em></span> <span class='ocrx_word' id='word_1_162' title='bbox 578 2562 638 2642; x_wconf 80' lang='grc' dir='ltr'><em>τῆς</em></span> <span class='ocrx_word' id='word_1_163' title='bbox 667 2555 833 2642; x_wconf 74' lang='grc' dir='ltr'><em>ἀληθείας</em></span> <span class='ocrx_word' id='word_1_164' title='bbox 861 2556 985 2628; x_wconf 87' lang='grc' dir='ltr'><em>σκοπὸν</em></span> <span class='ocrx_word' id='word_1_165' title='bbox 1015 2562 1204 2642; x_wconf 88' lang='grc' dir='ltr'><em>πεποίησθε</em></span> <span class='ocrx_word' id='word_1_166' title='bbox 1239 2562 1298 2644; x_wconf 71' lang='grc'><strong>22).</strong></span> 
     </span>
     <span class='ocr_line' id='line_1_22' title="bbox 274 2658 1294 2758; baseline -0.004 -23"><span class='ocrx_word' id='word_1_167' title='bbox 274 2660 326 2735; x_wconf 83' lang='grc' dir='ltr'><em>Ἕν</em></span> <span class='ocrx_word' id='word_1_168' title='bbox 348 2667 384 2737; x_wconf 86' lang='grc' dir='ltr'><em>δέ</em></span> <span class='ocrx_word' id='word_1_169' title='bbox 404 2689 438 2732; x_wconf 89' lang='grc' dir='ltr'><em>τι</em></span> <span class='ocrx_word' id='word_1_170' title='bbox 466 2662 516 2747; x_wconf 93' lang='grc'><em>22)</em></span> <span class='ocrx_word' id='word_1_171' title='bbox 545 2661 633 2732; x_wconf 88' lang='grc' dir='ltr'><em>κατά</em></span> <span class='ocrx_word' id='word_1_172' title='bbox 653 2660 779 2753; x_wconf 76' lang='grc' dir='ltr'><em>σχολὴν</em></span> <span class='ocrx_word' id='word_1_173' title='bbox 801 2658 1052 2752; x_wconf 81' lang='grc' dir='ltr'><em>ἐντυγχάνουσιν</em></span> <span class='ocrx_word' id='word_1_174' title='bbox 1073 2659 1151 2751; x_wconf 80' lang='grc' dir='ltr'><em>ὑμῖν</em></span> <span class='ocrx_word' id='word_1_175' title='bbox 1171 2663 1219 2746; x_wconf 66' lang='grc'><em>25)</em></span> <span class='ocrx_word' id='word_1_176' title='bbox 1247 2664 1294 2758; x_wconf 74' lang='grc' dir='ltr'><em>τῷ</em></span> 
     </span>
     <span class='ocr_line' id='line_1_23' title="bbox 279 2761 1296 2861; baseline 0 -25"><span class='ocrx_word' id='word_1_177' title='bbox 279 2763 420 2861; x_wconf 68' lang='grc' dir='ltr'><em>βιβλίῳ,</em></span> <span class='ocrx_word' id='word_1_178' title='bbox 464 2772 605 2837; x_wconf 89' lang='grc' dir='ltr'><em>δεῖσθαι</em></span> <span class='ocrx_word' id='word_1_179' title='bbox 637 2761 686 2851; x_wconf 76' lang='grc'><em>24)</em></span> <span class='ocrx_word' id='word_1_180' title='bbox 723 2763 809 2849; x_wconf 81' lang='grc' dir='ltr'><em>δόξει</em></span> <span class='ocrx_word' id='word_1_181' title='bbox 845 2767 997 2858; x_wconf 77' lang='grc' dir='ltr'><em>ῥηθῆναι</em></span> <span class='ocrx_word' id='word_1_182' title='bbox 1031 2763 1296 2860; x_wconf 80' lang='grc' dir='ltr'><em>γνωριμώτερον,</em></span> 
     </span>
     <span class='ocr_line' id='line_1_24' title="bbox 278 2865 1295 2970; baseline 0 -30"><span class='ocrx_word' id='word_1_183' title='bbox 278 2869 360 2955; x_wconf 80' lang='grc' dir='ltr'><em>ἀξιῶ</em></span> <span class='ocrx_word' id='word_1_184' title='bbox 387 2873 576 2959; x_wconf 76' lang='grc' dir='ltr'><em>τιμηθῆναι</em></span> <span class='ocrx_word' id='word_1_185' title='bbox 609 2877 666 2940; x_wconf 81' lang='grc' dir='ltr'><em>καὶ</em></span> <span class='ocrx_word' id='word_1_186' title='bbox 696 2867 801 2966; x_wconf 70' lang='grc' dir='ltr'><em>ταύτῃ</em></span> <span class='ocrx_word' id='word_1_187' title='bbox 833 2871 873 2966; x_wconf 75' lang='grc' dir='ltr'><em>τῇ</em></span> <span class='ocrx_word' id='word_1_188' title='bbox 900 2871 978 2965; x_wconf 76' lang='grc' dir='ltr'><em>τιμῇ</em></span> <span class='ocrx_word' id='word_1_189' title='bbox 1005 2865 1082 2962; x_wconf 69' lang='grc' dir='ltr'><em>παρ’</em></span> <span class='ocrx_word' id='word_1_190' title='bbox 1113 2867 1206 2958; x_wconf 78' lang='grc' dir='ltr'><em>ὑμῶν</em></span> <span class='ocrx_word' id='word_1_191' title='bbox 1226 2869 1295 2970; x_wconf 72' lang='grc'><strong>25),</strong></span> 
     </span>
     <span class='ocr_line' id='line_1_25' title="bbox 279 2971 1296 3069; baseline 0.001 -28"><span class='ocrx_word' id='word_1_192' title='bbox 279 2981 336 3044; x_wconf 78' lang='grc' dir='ltr'><em>καὶ</em></span> <span class='ocrx_word' id='word_1_193' title='bbox 364 2976 536 3069; x_wconf 77' lang='grc' dir='ltr'><em>γραφῆναί</em></span> <span class='ocrx_word' id='word_1_194' title='bbox 564 3001 624 3066; x_wconf 92' lang='grc' dir='ltr'><em>μοι</em></span> <span class='ocrx_word' id='word_1_195' title='bbox 655 2981 729 3067; x_wconf 81' lang='grc' dir='ltr'><em>περ)</em></span> <span class='ocrx_word' id='word_1_196' title='bbox 756 2975 820 3044; x_wconf 84' lang='grc' dir='ltr'><em>τῶν</em></span> <span class='ocrx_word' id='word_1_197' title='bbox 854 2976 1077 3062; x_wconf 87' lang='grc' dir='ltr'><em>ζητουμένων·</em></span> <span class='ocrx_word' id='word_1_198' title='bbox 1125 2971 1201 3066; x_wconf 80' lang='grc' dir='ltr'><em>οὐδὲ</em></span> <span class='ocrx_word' id='word_1_199' title='bbox 1229 2972 1296 3068; x_wconf 84' lang='grc' dir='ltr'><em>γὰρ</em></span> 
     </span>
     <span class='ocr_line' id='line_1_26' title="bbox 279 3073 1297 3174; baseline -0.001 -27"><span class='ocrx_word' id='word_1_200' title='bbox 279 3075 398 3174; x_wconf 77' lang='grc' dir='ltr'><em>ῥᾴδιον</em></span> <span class='ocrx_word' id='word_1_201' title='bbox 417 3075 529 3148; x_wconf 88' lang='grc' dir='ltr'><em>πάντα</em></span> <span class='ocrx_word' id='word_1_202' title='bbox 548 3076 697 3173; x_wconf 86' lang='grc' dir='ltr'><em>γνώριμα</em></span> <span class='ocrx_word' id='word_1_203' title='bbox 720 3079 860 3160; x_wconf 81' lang='grc' dir='ltr'><em>ποιῆσαι</em></span> <span class='ocrx_word' id='word_1_204' title='bbox 888 3073 928 3144; x_wconf 78' lang='grc' dir='ltr'><em>δι’</em></span> <span class='ocrx_word' id='word_1_205' title='bbox 959 3073 1031 3156; x_wconf 79' lang='grc' dir='ltr'><em>ἰνὸς</em></span> <span class='ocrx_word' id='word_1_206' title='bbox 1059 3079 1192 3166; x_wconf 86' lang='grc' dir='ltr'><em>βιβλίου</em></span> <span class='ocrx_word' id='word_1_207' title='bbox 1228 3073 1297 3162; x_wconf 72' lang='grc'><strong>26),</strong></span> 
     </span>
     <span class='ocr_line' id='line_1_27' title="bbox 268 3176 1297 3277; baseline 0 -25"><span class='ocrx_word' id='word_1_208' title='bbox 268 3178 367 3253; x_wconf 82' lang='grc' dir='ltr'><em>’ἀυτά</em></span> <span class='ocrx_word' id='word_1_209' title='bbox 386 3209 421 3252; x_wconf 87' lang='grc' dir='ltr'><em>τε</em></span> <span class='ocrx_word' id='word_1_210' title='bbox 442 3181 487 3252; x_wconf 82' lang='grc' dir='ltr'><em>τά</em></span> <span class='ocrx_word' id='word_1_211' title='bbox 506 3185 718 3277; x_wconf 86' lang='grc' dir='ltr'><em>προκείμενα,</em></span> <span class='ocrx_word' id='word_1_212' title='bbox 750 3186 807 3250; x_wconf 81' lang='grc' dir='ltr'><em>καί</em></span> <span class='ocrx_word' id='word_1_213' title='bbox 828 3176 879 3258; x_wconf 85' lang='grc' dir='ltr'><em>ὁῖς</em></span> <span class='ocrx_word' id='word_1_214' title='bbox 901 3206 952 3260; x_wconf 86' lang='grc' dir='ltr'><em>τις</em></span> <span class='ocrx_word' id='word_1_215' title='bbox 971 3181 1092 3273; x_wconf 74' lang='grc' dir='ltr'><em>χρῆται</em></span> <span class='ocrx_word' id='word_1_216' title='bbox 1119 3177 1204 3274; x_wconf 86' lang='grc' dir='ltr'><em>πρὸς</em></span> <span class='ocrx_word' id='word_1_217' title='bbox 1234 3179 1297 3265; x_wconf 77' lang='grc' dir='ltr'><em>τὴν</em></span> 
     </span>
     <span class='ocr_line' id='line_1_28' title="bbox 280 3283 563 3376; baseline -0.004 -20"><span class='ocrx_word' id='word_1_218' title='bbox 280 3283 424 3376; x_wconf 82' lang='grc' dir='ltr'><em>μήνυσιν</em></span> <span class='ocrx_word' id='word_1_219' title='bbox 445 3283 563 3362; x_wconf 53' lang='lat' dir='ltr'><em>aimuh.</em></span> 
     </span>
    </p>

    <p class='ocr_par' dir='ltr' id='par_1_3' title="bbox 184 3479 1295 4124">
     <span class='ocr_line' id='line_1_29' title="bbox 348 3479 1294 3586; baseline -0.002 -21"><span class='ocrx_word' id='word_1_220' title='bbox 348 3493 395 3565; x_wconf 89' lang='grc' dir='ltr'><em>Τὸ</em></span> <span class='ocrx_word' id='word_1_221' title='bbox 415 3502 476 3585; x_wconf 79' lang='grc' dir='ltr'><em>μὲν</em></span> <span class='ocrx_word' id='word_1_222' title='bbox 501 3492 560 3566; x_wconf 80' lang='grc' dir='ltr'><em>ὀῦν</em></span> <span class='ocrx_word' id='word_1_223' title='bbox 588 3493 670 3564; x_wconf 84' lang='grc' dir='ltr'><em>ε’ῖναί</em></span> <span class='ocrx_word' id='word_1_224' title='bbox 697 3518 730 3560; x_wconf 89' lang='grc' dir='ltr'><em>τι</em></span> <span class='ocrx_word' id='word_1_225' title='bbox 762 3489 822 3576; x_wconf 86' lang='grc' dir='ltr'><em>τὴν</em></span> <span class='ocrx_word' id='word_1_226' title='bbox 845 3494 1057 3586; x_wconf 85' lang='grc' dir='ltr'><em>έιμαρμένην,</em></span> <span class='ocrx_word' id='word_1_227' title='bbox 1093 3497 1150 3561; x_wconf 77' lang='grc' dir='ltr'><em>καὶ</em></span> <span class='ocrx_word' id='word_1_228' title='bbox 1182 3479 1294 3563; x_wconf 86' lang='grc' dir='ltr'><em>ἀιτίαν</em></span> 
     </span>
     <span class='ocr_line' id='line_1_30' title="bbox 279 3593 1295 3687; baseline -0.003 -18"><span class='ocrx_word' id='word_1_229' title='bbox 279 3602 364 3670; x_wconf 82' lang='grc' dir='ltr'><em>ε’ῖναι</em></span> <span class='ocrx_word' id='word_1_230' title='bbox 384 3601 445 3668; x_wconf 78' lang='grc' dir='ltr'><em>τοῦ</em></span> <span class='ocrx_word' id='word_1_231' title='bbox 469 3599 628 3687; x_wconf 87' lang='grc' dir='ltr'><em>γίνεσθαί</em></span> <span class='ocrx_word' id='word_1_232' title='bbox 651 3621 727 3664; x_wconf 89' lang='grc' dir='ltr'><em>τινα</em></span> <span class='ocrx_word' id='word_1_233' title='bbox 748 3593 816 3666; x_wconf 77' lang='grc' dir='ltr'><em>κατ’</em></span> <span class='ocrx_word' id='word_1_234' title='bbox 841 3593 945 3680; x_wconf 78' lang='grc' dir='ltr'><em>ἀυτὴν</em></span> <span class='ocrx_word' id='word_1_235' title='bbox 969 3599 1013 3679; x_wconf 74' lang='grc'><em>2),</em></span> <span class='ocrx_word' id='word_1_236' title='bbox 1046 3599 1165 3678; x_wconf 83' lang='grc' dir='ltr'><em>ἱκανῶς</em></span> <span class='ocrx_word' id='word_1_237' title='bbox 1186 3593 1206 3682; x_wconf 83' lang='grc' dir='ltr'><strong><em>ἡ</em></strong></span> <span class='ocrx_word' id='word_1_238' title='bbox 1228 3601 1295 3668; x_wconf 82' lang='grc' dir='ltr'><em>τῶν</em></span> 
     </span>
     <span class='ocr_line' id='line_1_31' title="bbox 279 3695 1292 3797; baseline -0.005 -21"><span class='ocrx_word' id='word_1_239' title='bbox 279 3699 470 3797; x_wconf 83' lang='grc' dir='ltr'><em>ἀνθρώπων</em></span> <span class='ocrx_word' id='word_1_240' title='bbox 502 3703 674 3784; x_wconf 91' lang='grc' dir='ltr'><em>συνίστησι</em></span> <span class='ocrx_word' id='word_1_241' title='bbox 701 3697 890 3796; x_wconf 59' lang='grc' dir='ltr'><em>πρόληψις</em></span> <span class='ocrx_word' id='word_1_242' title='bbox 935 3698 974 3769; x_wconf 85' lang='grc' dir='ltr'><em>οὐ</em></span> <span class='ocrx_word' id='word_1_243' title='bbox 1010 3698 1074 3795; x_wconf 84' lang='grc' dir='ltr'><em>γάρ</em></span> <span class='ocrx_word' id='word_1_244' title='bbox 1103 3698 1195 3770; x_wconf 88' lang='grc' dir='ltr'><em>κενὸν</em></span> <span class='ocrx_word' id='word_1_245' title='bbox 1223 3695 1292 3772; x_wconf 78' lang='grc' dir='ltr'><em>οὐδ’</em></span> 
     </span>
     <span class='ocr_line' id='line_1_32' title="bbox 184 3801 1290 3900; baseline 0 -26"><span class='ocrx_word' id='word_1_246' title='bbox 184 3813 186 3818; x_wconf 84' lang='grc'><strong>’</strong></span> <span class='ocrx_word' id='word_1_247' title='bbox 239 3849 242 3854; x_wconf 92' lang='lat'>·</span> <span class='ocrx_word' id='word_1_248' title='bbox 279 3805 422 3896; x_wconf 78' lang='grc' dir='ltr'><em>ἄστοχον</em></span> <span class='ocrx_word' id='word_1_249' title='bbox 461 3801 636 3887; x_wconf 82' lang='grc' dir='ltr'><em>τάληθοῦς</em></span> <span class='ocrx_word' id='word_1_250' title='bbox 672 3801 693 3888; x_wconf 81' lang='grc' dir='ltr'><strong><em>ἡ</em></strong></span> <span class='ocrx_word' id='word_1_251' title='bbox 726 3801 817 3886; x_wconf 86' lang='grc' dir='ltr'><em>κοινὴ</em></span> <span class='ocrx_word' id='word_1_252' title='bbox 853 3805 918 3872; x_wconf 79' lang='grc' dir='ltr'><em>τάν</em></span> <span class='ocrx_word' id='word_1_253' title='bbox 946 3801 1137 3898; x_wconf 84' lang='grc' dir='ltr'><em>ἀνθρώπων</em></span> <span class='ocrx_word' id='word_1_254' title='bbox 1169 3801 1290 3900; x_wconf 73' lang='grc' dir='ltr'><em>φάσις,</em></span> 
     </span>
     <span class='ocr_line' id='line_1_33' title="bbox 273 3901 1293 4002; baseline 0 -24"><span class='ocrx_word' id='word_1_255' title='bbox 273 3907 360 3978; x_wconf 72' lang='grc' dir='ltr'><em>καθ’</em></span> <span class='ocrx_word' id='word_1_256' title='bbox 390 3905 431 3990; x_wconf 78' lang='grc' dir='ltr'><em>ἣν</em></span> <span class='ocrx_word' id='word_1_257' title='bbox 458 3910 542 4002; x_wconf 91' lang='grc' dir='ltr'><em>περίΙ</em></span> <span class='ocrx_word' id='word_1_258' title='bbox 560 3933 657 3977; x_wconf 87' lang='grc' dir='ltr'><em>τινων</em></span> <span class='ocrx_word' id='word_1_259' title='bbox 686 3907 902 4000; x_wconf 81' lang='grc' dir='ltr'><em>ὁμοδοξοῡσινΙ</em></span> <span class='ocrx_word' id='word_1_260' title='bbox 937 3905 1109 3994; x_wconf 80' lang='grc' dir='ltr'><em>ἀλλήλοις,</em></span> <span class='ocrx_word' id='word_1_261' title='bbox 1153 3901 1229 3979; x_wconf 85' lang='grc' dir='ltr'><em>όσοι</em></span> <span class='ocrx_word' id='word_1_262' title='bbox 1255 3937 1293 3998; x_wconf 92' lang='grc' dir='ltr'><em>γε</em></span> 
     </span>
     <span class='ocr_line' id='line_1_34' title="bbox 277 3995 1282 4124; baseline 0 -42"><span class='ocrx_word' id='word_1_263' title='bbox 277 3995 385 4098; x_wconf 80' lang='grc' dir='ltr'><em>ἀυτῶν</em></span> <span class='ocrx_word' id='word_1_264' title='bbox 418 4009 465 4102; x_wconf 78' lang='grc' dir='ltr'><em>με)</em></span> <span class='ocrx_word' id='word_1_265' title='bbox 498 4011 554 4108; x_wconf 72' lang='grc' dir='ltr'><em>δεμ</em></span> <span class='ocrx_word' id='word_1_266' title='bbox 589 4010 686 4124; x_wconf 63' lang='grc' dir='ltr'><em>τινᾴε</em></span> <span class='ocrx_word' id='word_1_267' title='bbox 708 4015 1072 4104; x_wconf 81' lang='grc' dir='ltr'><em>Ιπρηματοιβεβλημεὐας</em></span> <span class='ocrx_word' id='word_1_268' title='bbox 1107 4009 1205 4102; x_wconf 82' lang='grc' dir='ltr'><em>δόξας</em></span> <span class='ocrx_word' id='word_1_269' title='bbox 1232 4009 1282 4106; x_wconf 84' lang='grc' dir='ltr'><em>ὑφ</em></span> 
     </span>
    </p>
   </div>
   <div class='ocr_carea' id='block_1_3' title="bbox 0 0 1418 4792">
    <p class='ocr_par' dir='ltr' id='par_1_4' title="bbox 0 0 1418 4792">
     <span class='ocr_line' id='line_1_35' title="bbox 0 0 1418 4792; baseline 0 0"><span class='ocrx_word' id='word_1_270' title='bbox 0 0 1418 4792; x_wconf 95' lang='lat' dir='ltr'><em> </em></span> 
     </span>
    </p>
   </div>
  </div>
 </body>
</html>
