2758 4790
844 401 847 406 “
1046 388 1105 452 197

108 567 210 620 tamen
236 555 446 620 omnimodam
471 508 738 624 mrnffimnium
764 557 855 642 ponit
875 549 1109 632 necessitatem,'

109 669 140 724 et
161 659 269 742 causis
291 659 436 726 omuibus
464 661 556 726 simul
584 661 716 746 sumptis
737 652 801 726 nori
822 671 929 745 potest
949 681 1015 725 nou
1035 659 1105 722 fieri

106 761 353 846 unumquodque
375 785 488 828 comum
509 765 588 848 quae
610 763 701 829 fiunt.
745 762 833 830 Nsstil
854 763 935 830 euim
957 763 1106 847 estquod

107 867 280 949 prohibere
301 867 403 949 possit
425 877 478 942 aut
499 849 622 932 eiicere
642 881 679 932 ut
697 889 750 932 res
772 869 848 932 fiant
862 865 970 948 aliter,
994 865 1021 930 si
1037 887 1106 930 om·

106 969 163 1032 uia.
180 969 266 1034 Fato
290 979 459 1048 tenentur,
493 983 628 1055 suntque
649 971 723 1036 talia
743 983 778 1036 ut
800 974 840 1035 ab
861 993 926 1035 uuo
946 968 1115 1052 principio,
1173 1018 1181 1033 .

106 1070 274 1156 impulsum
293 1073 462 1156 accipiant.
506 1075 597 1138 Haec
617 1074 722 1160 itaque
743 1075 895 1138 sententia
916 1072 993 1138 nihil
1013 1071 1106 1136 nobis

106 1175 273 1259 relinquit,
303 1175 363 1239 nisi
383 1177 463 1242 ferri
484 1199 549 1260 quo
571 1199 630 1242 nos
651 1179 781 1242 trahunt
800 1197 853 1242 res
875 1175 966 1240 eliae.
1023 1175 1106 1238 Nam

106 1277 175 1341 visa
196 1279 240 1342 ita
261 1293 361 1342 eruut
374 1301 417 1342 ex
437 1272 723 1366 antegredieutibus
738 1280 856 1357 causis,
881 1301 921 1344 ex
934 1278 1009 1342 visis
1024 1297 1114 1370 uero=

107 1383 302 1465 appetituum
323 1385 493 1449 motiones.
552 1385 631 1448 Eius
653 1401 735 1449 vero·
757 1385 843 1468 quod
864 1393 992 1446 nostrae
1013 1391 1107 1462 pote-

107 1486 195 1550 statis
219 1507 286 1550 esse
308 1487 439 1563 dicitur,
469 1490 585 1552 nudum
607 1487 802 1572 relinquetur
823 1507 951 1551 nomen.
994 1486 1107 1566 Neque

108 1589 190 1653 enim
213 1592 301 1673 quod
321 1593 499 1672 appetendo
526 1613 710 1667 movemur,
748 1589 779 1654 iu
802 1611 841 1654 eo
864 1589 1030 1674 quicquam
1051 1589 1110 1651 ha·

107 1691 251 1755 bebimus
273 1693 396 1770 eximii,
432 1693 593 1776 cumipse
615 1693 766 1776 appetitio
788 1693 1132 1757 secundumillaanv
1225 1689 1235 1730 7

106 1791 279 1859 recedentia
308 1793 377 1859 fiat.
421 1797 533 1881 Neque
556 1786 647 1860 aliter
667 1817 702 1860 se
723 1797 884 1860 habebunt
907 1809 959 1859 nes
980 1807 1109 1862 nostrae

108 1915 203 1984 quam
231 1897 263 1963 in
292 1892 498 1963 animantibus
526 1901 638 1978 mutis,
678 1912 730 1964 aut
761 1900 793 1964 iu
825 1899 1014 1977 infantibus,
1054 1881 1111 1983 qui

108 2002 208 2066 caecis
231 2014 401 2066 moventur
423 2003 633 2085 appetitibus,
680 2001 793 2067 aut'iu
814 2001 992 2068 furentibus
1015 2003 1107 2066 etiam
1193 2085 1195 2090 Ι

109 2107 192 2184 (uam
215 2105 301 2170 ethi
322 2104 463 2190 appetitu
484 2105 695 2186 concitantur)
731 2105 811 2170 sicut
833 2118 864 2169 et
885 2105 967 2191 ignis
989 2105 1110 2187 impetu

108 2231 168 2272 suo
191 2219 221 2272 et
244 2207 303 2271 alia
325 2207 405 2292 quae
436 2219 613 2274 structurae
641 2231 715 2274 suae
743 2209 910 2274 servientia
938 2211 1111 2276 secuudum

109 2333 175 2374 eam
204 2311 363 2376 feruntur.
418 2310 462 2375 Et
490 2314 554 2376 hoo
582 2313 689 2377 vident
717 2333 844 2390 omnes,
879 2333 980 2396 neque
1010 2314 1047 2375 de
1069 2333 1113 2375 eo

109 2415 267 2490 dubitant,
298 2415 355 2477 sed
375 2413 445 2477 talis
468 2401 617 2479 motionis
640 2417 714 2480 alias
737 2427 924 2500 quaerentes
947 2428 1054 2479 cantas
1077 2416 1108 2480 in

106 2519 175 2603 ipsa
196 2517 309 2582 uolunt
331 2517 516 2582 consistere.
925 2562 942 2592 f

171 2725 262 2806 Quae
281 2721 382 2809 igitur
404 2745 497 2788 causa
517 2738 645 2808 praeter
665 2727 722 2790 has
739 2720 907 2794 adveniens
923 2727 998 2792 nibil
1012 2721 1108 2792 relius

107 2840 182 2913 quet
205 2843 317 2892 causae
339 2846 455 2910 expers
478 2839 509 2891 et
531 2830 786 2912 consequentiam
815 2833 1019 2918 ordinemque
1041 2837 1108 2896 serss
1161 2820 1166 2831 ⁸

108 2931 211 3008 vabit,
237 2942 268 2994 et
289 2931 449 3027 pepmittet
469 2931 562 2994 uobis
585 2951 653 2994 esse
676 2935 762 3016 quod
777 2932 907 2996 suimus?
926 2917 1030 3018 ireque
1044 2935 1108 3000 tol·

106 3037 149 3099 let
161 3033 307 3097 vaticinia
322 3046 353 3097 et
363 3033 686 3120 praesignificationes
699 3033 797 3098 alias?
820 3035 967 3101 Animam
979 3046 1109 3120 oportet

105 3151 245 3203 statuere
263 3123 456 3220 ’principium
470 3159 539 3200 esse
554 3136 655 3214 aliud,
680 3139 840 3222 rebusque
863 3137 1021 3217 inserere,
1045 3161 1110 3204 nou

104 3241 190 3306 illam
214 3243 375 3304 dumtaxat
403 3241 561 3317 universi,
600 3235 655 3304 sed
682 3253 757 3323 post
785 3227 872 3304 hanc
900 3241 991 3305 etiam
1020 3261 1106 3320 eam,

107 3367 188 3430 quae
204 3356 252 3407 est
266 3341 482 3428 singulorum,
508 3364 649 3428 quaeque
664 3342 853 3428 principium
871 3365 935 3409 non
959 3345 1108 3430 exiguum

105 3459 155 3512 est
178 3450 217 3510 ad
240 3465 290 3508 res
313 3447 565 3523 connectendas,
595 3469 666 3510 cum
687 3468 769 3524 non,
799 3459 834 3510 ut
856 3468 907 3510 res
931 3447 1029 3523 aliae,
1069 3471 1109 3512 ex

102 3545 239 3620 seminio
253 3561 410 3626 nascatur,
434 3551 491 3612 sed
504 3549 544 3612 sit
559 3571 576 3614 a
591 3569 683 3614 eausa
700 3551 813 3633 opifice
828 3551 929 3632 prima
950 3551 1106 3632 prosecta.
1175 3537 1178 3542 ’

106 3656 200 3717 Haec
222 3673 293 3716 cum
315 3665 406 3716 extra
427 3673 545 3735 corpus
568 3666 633 3728 est,
659 3653 784 3716 domina
806 3653 922 3717 est'sui
944 3653 1062 3735 opificii
1078 3666 1120 3740 et·

105 3759 206 3822 libera
229 3769 259 3820 et
282 3767 371 3820 extra
394 3777 505 3823 causae
528 3740 703 3822 mundanae
722 3756 899 3840 imperinm.
944 3757 1008 3823 Ubi
1031 3779 1109 3822 vero

105 3859 137 3924 iu
161 3881 279 3942 corpus
311 3859 410 3940 delata
440 3873 503 3935 est,
543 3881 606 3924 non
641 3858 768 3923 omuino
800 3860 860 3923 iam
892 3861 1041 3937 domina,
1075 3873 1110 3922 ut
1153 3909 1157 3922 ,

109 3965 370 4031 coniuncturum
394 3965 488 4028 rebus
512 3961 590 4027 aliis.
637 3963 797 4027 Fortunae
821 3983 899 4047 uero
922 3965 1108 4029 rescissum
