2782 4790
1049 471 1108 532 tlt

100 655 187 709 mus,
223 652 288 696 non
314 643 416 694 autem
440 629 558 714 assensi
577 630 868 716 imaginationibus,
903 637 1018 703 utalia
1042 640 1107 701 ani·

99 735 216 800 mantia
237 733 368 798 rationis
393 735 553 816 expertia,
577 735 646 798 illas
671 737 842 818 sequimur.
900 738 1108 805 Consiliarios

99 860 229 924 quoque
248 837 448 914 adhibemus,
485 859 566 922 quos
588 838 748 902 videamus
770 841 841 922 plus
864 841 980 926 aliquid
1001 847 1040 906 ad
1060 845 1109 907 iu-

99 943 289 1007 dicationem
308 952 340 1004 et
362 941 549 1004 electionem
560 942 720 1024 propositi
735 946 900 1023 prodesse.
945 946 1013 1008 Iam
1028 969 1108 1010 vero

99 1050 136 1110 de
162 1045 336 1110 maioribus
358 1067 403 1134 ac
427 1043 657 1108 difficilioribus
679 1043 766 1126 ipsos
796 1047 886 1112 Deos
912 1050 1109 1114 consiliarios

98 1152 258 1212 advocare
276 1169 341 1212 non
368 1169 535 1223 veremur,
574 1160 724 1232 rogantes
755 1151 794 1210 ab
820 1150 898 1232 ipsis
928 1152 1032 1217 dicere
1058 1167 1111 1216 aut

97 1275 156 1335 per
182 1252 334 1328 oracula,
359 1263 413 1314 aut
436 1273 495 1334 per
516 1250 712 1316 consiliarios
734 1254 849 1333 (vates)
869 1266 921 1316 aut
945 1276 1005 1338 per
1026 1278 1111 1320 som-

97 1355 338 1439 nia-quaedam,
363 1366 436 1416 utra
454 1375 513 1418 nos
529 1353 635 1436 potius
655 1353 771 1438 eligere
789 1367 938 1438 oporteat
957 1379 998 1419 ex
1014 1379 1111 1440 quae·

97 1459 177 1523 sitis.
224 1457 306 1520 Satis
329 1470 432 1520 autem
459 1457 492 1519 id
519 1477 646 1539 quoque
676 1461 888 1538 comprobare
909 1473 1043 1541 possunt
1066 1462 1112 1524 le·

98 1585 174 1648 gum
197 1559 394 1636 sanctiones,
420 1557 534 1642 quibus
557 1561 700 1624 doctrina
718 1566 915 1645 quorundam
938 1564 1135 1646 imperatur'

98 1678 130 1728 et
154 1664 306 1738 iubetur,
338 1683 418 1746 quae
439 1662 501 1726 sint
524 1666 663 1747 agenda:
698 1676 729 1726 et
749 1665 952 1748 honorantur¹
970 1668 1023 1750 qui
1049 1667 1110 1731 illis

97 1778 230 1850 parent,
269 1767 459 1828 mulctantur
486 1765 540 1848 qui
566 1761 703 1830 minime.
764 1765 960 1854 Contingens
984 1791 1111 1854 quoque

100 1883 169 1948 est,
194 1870 347 1953 siquidem
368 1869 534 1954 innostro
558 1869 690 1934 arbitrio
708 1883 755 1932 est
772 1871 877 1934 facere
893 1875 957 1942 hoc
978 1867 1030 1936 vel
1047 1896 1111 1937 non
1170 1944 1172 1952 ,

100 1975 222 2038 facere.
267 1971 350 2036 Cum
369 1993 449 2034 vero
467 1971 500 2034 id
518 1971 563 2035 ita
585 1973 641 2048 sit,
666 1972 860 2055 impossibile
879 1989 978 2040 estut
998 1979 1112 2041 Fatum
1135 2004 1138 2012 f

101 2077 141 2140 sit
159 2075 397 2151 necessarium,
422 2097 493 2136 eum
516 2074 549 2137 in
570 2075 608 2138 iis
631 2087 794 2151 versetur,
833 2078 866 2140 iu
888 2080 1000 2162 quibus
1019 2081 1112 2144 etiam

101 2181 239 2244 liberum
268 2178 431 2242 arbitrium
460 2178 565 2240 locum
594 2178 702 2241 babet.
767 2179 848 2244 Satis
876 2182 952 2245 item
980 2196 1114 2265 possunt

102 2296 179 2348 vota
201 2295 233 2346 et
252 2271 387 2364 preces,
419 2301 499 2365 quae
524 2280 595 2344 Diis
621 2282 813 2360 funduntur,
849 2275 931 2347 cum
950 2286 1001 2349 alii
1022 2309 1114 2350 aver-

102 2388 225 2454 sionem
248 2396 279 2448 et
298 2385 407 2468 sugam
433 2383 560 2446 alicuius
582 2384 629 2446 rei
650 2388 689 2447 ab
711 2385 787 2466 ipsis
814 2400 938 2470 petant,
978 2389 1029 2452 alii
1054 2393 1114 2452 bo-

101 2513 217 2556 norum
248 2487 467 2573 largitionem,
502 2498 649 2570 tanquam
682 2492 834 2570 quaedam
864 2492 1050 2577 contingant
1084 2507 1117 2556 et

101 2617 170 2660 esse
197 2605 229 2657 et
250 2614 315 2657 non
336 2601 472 2673 propter
496 2602 638 2653 nostram
660 2591 845 2673 petitionem
867 2617 886 2658 a
907 2595 999 2671 Diis,
1039 2596 1114 2660 satis

74 2699 229 2781 “inquam
256 2696 397 2777 probare
426 2705 560 2776 possunt
593 2714 662 2756 esse
699 2699 852 2778 quaedam
887 2697 1114 2782 contingentia.

103 2801 188 2883 Quin
217 2799 309 2863 etiam
334 2819 376 2862 ex
400 2796 535 2860 nattuali
561 2797 711 2880 cuiusque
735 2800 814 2862 entis
837 2801 1061 2865 constitutione
1084 2801 1118 2865 id

100 2907 192 2970 facile
214 2901 375 2988 cognosci
403 2912 522 2983 potest.
582 2902 704 2963 Natura
733 2902 814 2963 enim
843 2903 875 2964 in
902 2903 939 2967 iis
969 2927 1047 2987 quae
1075 2925 1116 2968 ex

101 3007 286 3074 necessitate
312 3016 385 3068 sunt
406 3016 437 3066 et
456 3004 552 3078 fiunt,
585 3004 701 3065 nullam
724 3004 927 3084 aptitudinem
949 3011 987 3069 ad
1008 3030 1114 3090 oppo-

101 3114 159 3179 sita
181 3111 282 3185 dedit,
306 3111 362 3175 sed
386 3106 534 3188 ineptiam
560 3108 599 3168 ad
624 3105 826 3187 imposibilia.
871 3111 1005 3172 Frustra
1033 3112 1114 3174 enim

100 3214 284 3280 habuissent
309 3209 511 3293 aptitudinem
530 3212 568 3272 ad
587 3209 789 3272 mutationem
810 3209 842 3272 in
863 3213 919 3274 has
941 3234 1016 3289 res,
1043 3234 1115 3275 cum

102 3316 298 3401 impossibile
334 3325 417 3378 esset
452 3335 488 3376 ea
518 3313 607 3376 aliter
641 3312 771 3375 habere.
841 3313 993 3377 Videmus
1031 3316 1116 3378 enim

102 3423 209 3508 ignem
231 3439 334 3502 neque
354 3415 535 3502 frigiditatis
560 3428 750 3497 potestatem
775 3416 806 3478 in
831 3438 866 3479 se
887 3420 1024 3495 habere,
1060 3441 1115 3482 ne-

101 3547 164 3610 que
187 3524 293 3588 nivem
314 3519 509 3606 nigredinis,
534 3539 636 3601 noque
659 3519 771 3603 gravia
791 3520 952 3596 levitatis,
978 3516 1118 3586 simodo

102 3633 211 3695 eadem
233 3637 378 3690 maneant
411 3643 492 3706 quae
521 3633 605 3684 sunt.
634 3675 635 3681 ,
661 3624 774 3704 Neque
805 3623 1002 3705 sempiternis
1036 3626 1120 3689 dedit

102 3746 137 3796 ut
161 3730 326 3812 corrumpi
349 3727 484 3812 possint.
545 3724 742 3805 Quibusdam
767 3737 870 3790 autem
902 3729 1035 3813 elargita
1058 3741 1115 3803 est,

101 3849 138 3900 ut
163 3857 230 3900 non
248 3831 478 3899 necessarioin
503 3829 604 3892 altero
629 3828 852 3908 oppositorum
874 3843 977 3894 essent
993 3831 1119 3894 definite

103 3952 135 4004 et
162 3923 338 4002 manerent.
399 3935 506 4016 Atque
538 3933 617 3994 hacc
649 3953 667 3992 a
699 3943 811 3994 natura
841 3934 1119 4014 praeparationem

103 4038 285 4111 mutationis
314 4037 346 4102 in
381 4037 565 4120 oppositum
593 4035 721 4098 habent.
790 4035 957 4100 Eiusmodi
978 4037 1123 4128 'plurima
