2782 4790
275 391 335 454 128

408 518 414 543 s
679 507 686 523 .

271 554 492 650 συμβεβηκός
514 558 562 626 ἔτι
581 555 646 649 γάρ
668 555 754 626 κατίι
776 552 1020 646 συμβεβηκὸς
1004 585 1023 623 ο
1045 553 1160 648 ἰατρὸς
1180 580 1275 637 ποιη-

271 661 362 730 τικὸν
398 659 588 751 ἰσχνότητος
616 665 693 754 φέρε
722 662 821 728 ἐιπεῖν
849 661 941 742 ¹⁰)
926 659 967 728 οίν
998 685 1043 752 τῳ
1075 654 1275 785 ὑχιαζὸμενιχ

269 769 368 834 τοῦτο
389 795 409 860 η
397 761 647 884 ’συμβεβηκός
685 759 774 831 Ἐπεὶ
795 765 904 838 τοίνυν
927 765 995 830 ἐστὶ
1016 765 1084 840 τάν
1100 759 1213 831 άιτίων
1234 764 1277 831 τὰ

271 877 330 955 μέν
296 865 433 936 έ’καθ
458 865 560 948 6vr6,
589 864 688 934 τάὸέ
674 864 797 934 έκατά
819 864 1040 954 συμβεβηκὸς,
1077 873 1132 934 καί
1155 869 1188 933 έν
1209 871 1279 944 τοῖς

672 965 681 986 ³
743 965 786 989 ‘a'
976 972 983 988 ι
1100 967 1106 986 1
1194 964 1201 986 Ι

271 1076 305 1142 έν
327 1080 396 1152 τοῖς
424 1071 510 1140 κατά
531 1069 778 1160 συμβεβηκὸς
757 1097 798 1140 αν
819 1075 881 1156 ε’ίη·
914 1069 956 1140 τά
975 1079 1036 1159 μέν
1056 1069 1120 1163 γάρ
1143 1067 1280 1162 ὡρισμέ-

272 1202 315 1246 να
337 1174 375 1243 06
398 1173 484 1244 κατά
506 1173 749 1298 συμβεβηκὸς”
726 1201 767 1243 αν
781 1177 844 1258 ἕίη·
867 1171 958 1242 τὰδὲ
944 1172 1060 1242 έκατά
1075 1172 1281 1262 συμβεβηκὸς

269 1276 414 1371 ,ἀόριστα
436 1306 470 1348 τε
485 1286 540 1348 καὶ
555 1277 707 1361 σ’ίστατα,
730 1275 845 1348 ὁποῖον
867 1284 922 1346 καί
944 1275 982 1344 τὸ
1004 1279 1062 1360 τῆς
1034 1273 1182 1400 χτύχης
1197 1278 1281 1348 έῖναι

270 1387 377 1476 φιλεῖ·
411 1378 554 1474 άόριστα
582 1380 646 1473 γάρ
669 1381 712 1449 τά
734 1385 779 1475 τῷ
802 1378 926 1449 καθ’1
907 1379 998 1450 αυτὸ
1012 1386 1068 1448 καὶ
1089 1383 1207 1472 κυρίως
1230 1377 1282 1448 66-

272 1487 329 1578 τίιρ
352 1489 591 1573 συμβεβηκέναι
621 1481 787 1572 δυνάμενα
813 1477 961 1566 ἱίπαντα,
996 1490 1053 1552 καὶ
1081 1481 1168 1553 άυτά
1195 1488 1285 1552 κατὰ

274 1585 480 1675 συμβεβηκὸς
502 1585 593 1656 άίτια
614 1590 768 1675 χίχνεται.
807 1582 894 1656 Ἀλλ’
918 1590 946 1654 έι
967 1586 1054 1656 κατὰ
1075 1585 1284 1677 συμβεβηκὸς

270 1687 379 1770 ,άίτιον
400 1687 420 1774 6
443 1686 539 1778 τύχη,
576 1695 628 1759 δεῖ
651 1717 716 1759 τινι
746 1693 947 1784 τῶυκυρίως
969 1688 1083 1760 άιτίων
1104 1695 1284 1818 λεχομένων

273 1789 376 1875 ἀυτὴν
398 1797 651 1913 συμβεβηκέναι.
689 1791 823 1864 Ἐπεί’
807 1797 865 1864 οὖν
893 1799 985 1864 δοκεῖ
1007 1792 1178 1878 ποιητικὸν
1200 1793 1284 1864 ε’ῑναί

272 1920 410 1978 τινοςη
399 1893 517 1984 χτύχη
547 1894 603 1978 (τά
633 1894 698 1986 γάρ
726 1896 814 1966 κατά
840 1893 939 2016 τύχην
967 1895 1033 1966 άπὸ
1067 1894 1165 2016 τύχης
1196 1902 1284 1990 φασὶ

272 1999 449 2085 γίγνεσθαί
483 2026 517 2067 τι
546 2007 601 2069 και
627 2006 793 2088 γεγονέναι
806 2005 834 2082 ,)
870 2003 934 2070 τῶν
961 2003 1137 2084 ποιητικῶν
1169 1997 1285 2070 άιτίιιν

274 2107 338 2170 τινὶ
352 2104 457 2170 ταῦτα
471 2098 626 2224 ὑπάρχειν
645 2100 782 2191 ἀνάγκη
797 2108 859 2226 έίχε
878 2101 1064 2206 φυλάξει
1031 2131 1069 2186 τη
1059 2100 1209 2224 χχάρανν
1221 2105 1285 2171 τῶν

275 2200 397 2274 υίιτίων.
414 2202 572 2274 ''A666
532 2233 597 2295 μην
612 2205 654 2274 τά
667 2210 784 2327 κυρίως
799 2205 890 2276 άίτια
903 2204 1057 2328 ποιητικά
1068 2204 1169 2301 φάσις
1183 2211 1285 2274 τεκαὶ

273 2312 367 2396 τέχνη
357 2314 445 2390 ηκαὶ
465 2311 670 2400 προαίρεσις
705 2307 898 2399 πάνταμὲν
919 2309 983 2402 γάρ
1006 2307 1049 2378 τά
1069 2311 1189 2402 κυρίας
1210 2305 1285 2403 ὡρι-

273 2415 377 2498 σμένα
400 2415 441 2494 ¹¹)
463 2410 638 2495 ποιητικά,
660 2409 751 2480 ἕνεκά
772 2433 861 2493 τινος
882 2419 996 2493 τέλους
1017 2412 1060 2481 τά
1079 2411 1162 2504 πρὸς
1176 2409 1286 2488 ἀυτῶν

273 2509 450 2603 χιχνόμευα
482 2522 577 2585 ποιεῖ.
616 2511 764 2608 Ὅρῶμεν
793 2519 828 2584 δέ
855 2513 965 2586 πάντα
993 2513 1036 2584 τά
1063 2542 1152 2594 τινος
1180 2519 1287 2584 ἕνεκεν

275 2614 467 2708 γιγνόμενα,
503 2615 567 2688 ὑπὸ
590 2614 714 2687 τούτων
733 2615 909 2708 χιχνόμενά
930 2637 1038 2700 τινος·
1070 2615 1197 2688 τούτων
1220 2618 1286 2708 ἄρα

275 2727 343 2802 Ιτιυὶ
365 2724 566 2810 συμβέβηκεν
587 2716 607 2804 6
629 2718 719 2811 τύχη.
757 2719 846 2790 Ἐπεί
867 2726 903 2791 δέ
925 2727 1016 2792 δοκεῖ
1033 2726 1067 2793 έν
1084 2730 1152 2802 τοῖς
1166 2749 1287 2815 προαι-

276 2829 416 2915 ρετικοῖς
439 2827 521 2892 ε’ῑναι
544 2821 586 2892 τά
607 2823 695 2894 κατά
714 2821 833 2914 τύχην,
866 2829 986 2908 (ταῦτα
1013 2825 1078 2918 γάρ
1100 2823 1167 2894 άπὸ
1188 2823 1288 2915 τύχης

275 2927 456 3015 γίγνεσθαι
472 2935 591 3022 φασιν,
615 2919 657 2997 ὧν
673 2924 771 3056 χάριν
792 2926 853 3020 κᾶν
873 2925 1101 3022 προελοίμεθοί
1114 2955 1147 2996 τι
1163 2931 1288 3020 πρᾶξαι

275 3027 360 3122 πρὸς
382 3027 420 3098 τὸ
444 3038 549 3121 τυχεῖν
571 3029 694 3114 άυτῶν,
717 3028 766 3126 έφ
791 3023 834 3100 ὧν
855 3030 913 3114 τὴν
929 3034 1078 3122 ἐυτυχίαν
1093 3030 1281 3121 λέγομεν,
1267 3027 1288 3112 6

276 3130 371 3257 πρὸς
383 3130 421 3201 τὸ
420 3132 504 3254 μίχ
510 3126 696 3228 πρᾶξαι,
671 3161 715 3204 ων
735 3133 795 3218 την
816 3138 991 3258 δυστυχίαν
1012 3138 1288 3262 κατηχοροῡμεν)

278 3238 326 3320 έίη
349 3232 390 3304 66
410 3232 431 3319 6
454 3233 534 3366 τείχη
555 3243 625 3315 τοῖς
646 3234 733 3306 κατὰ
762 3240 954 3359 προαίρεσιν
980 3244 1183 3328 γιγνομένοις
1213 3234 1288 3306 έπό

276 3365 389 3429 μενον,
422 3345 477 3406 καὶ
499 3343 532 3408 ἐν
553 3335 684 3419 τούτοις
706 3336 798 3407 ἆιτία
819 3339 905 3408 κατὰ
935 3339 1148 3430 συμβεβηκός.
1182 3335 1290 3411 Ὅταν

275 3440 341 3562 γάρ
362 3437 546 3536 πράττουσί
577 3467 609 3510 τι
637 3439 723 3510 κατὰ
744 3445 935 3536 προαίρεσιν
956 3441 1033 3568 ημῖν
1055 3439 1230 3540 ἀπαντήσῃ
1244 3442 1289 3533 μὴ

275 3541 316 3612 τὸ
336 3547 547 3638 προκείμενον
568 3551 661 3625 τέλος
689 3543 774 3614 κατά
803 3544 862 3630 τὴν
893 3550 1106 3640 προαίρεσιν,
1141 3544 1228 3616 6660
1257 3550 1294 3614 δέ

277 3674 311 3716 τι
331 3647 417 3716 κατά
439 3645 646 3737 συμβεβηκὸς
667 3653 814 3736 γένηται,
836 3646 857 3734 6
880 3647 1177 3743 κατὰπροαίρεσιν
1198 3675 1291 3736 χενο-

276 3755 357 3842 μένη
378 3751 495 3838 πρᾶξις
517 3747 609 3820 ἆιτία
631 3755 691 3820 τοῦ
713 3749 965 3836 ἀπαντήσαντος
986 3763 1061 3844 μέν,
1097 3751 1135 3822 οὐ
1158 3779 1292 3846 προκει*

275 3857 375 3944 μένου
414 3856 459 3922 66.
511 3859 660 3944 Λέχομεν
691 3859 727 3924 δέ
756 3858 854 3926 τοῦτο
882 3853 948 3924 ἀπὸ
976 3853 1074 3948 τίχης
1101 3861 1290 3946 χεχονὲναι”

276 3958 323 4049 τῷ
344 3981 378 4024 τε
399 3952 464 4048 γάρ
486 3954 665 4028 σκάπτοντι
704 3957 789 4028 κατὰ
821 3961 1023 4052 προαίρεσιν,
1040 3962 1100 4032 τοῦ
1129 3963 1294 4056 φυτεῦσαι
