2828 4792
315 715 524 789 Ἔπαύσαντο
545 713 574 787 ἀ
596 713 639 787 ἀν
657 717 717 800 τῆς
734 720 769 786 ἐν
787 720 858 796 τοῖς
871 713 984 804 λύγοις
1002 714 1196 811 φιλοτιμίας
1210 721 1266 785 καὶ

259 818 525 916 συγχωρήσαιντο
557 824 640 890 ἐίναι
667 817 707 888 τὸ
739 815 788 914 ἐφ’
822 814 900 908 ἡμῖν
930 814 1109 912 έλευθερύν
1141 845 1177 887 τε
1210 827 1267 890 καὶ

258 925 466 1008 ἀυτεξούσιον
487 929 542 993 καί
563 920 676 1016 κύριον
700 925 759 1006 τῆς
779 925 844 991 τῶν
861 919 1089 1012 ἀντικειμένων
1113 919 1268 1015 άιρεσεάς

209 1027 212 1038 ’
257 1055 292 1098 τε
319 1035 376 1098 καὶ
401 1025 561 1122 πράξεως,
599 1031 660 1094 έπὶ
689 1027 901 1118 περιεστῶσιν
932 1024 1111 1119 ἀνθρωττοι
1143 1027 1268 1096 δίκαιοι

257 1133 415 1221 γίνεσθαι
435 1134 680 1219 πεπιστευμένοι
707 1125 827 1218 ὁμοίως
855 1125 1015 1209 ιδιάταις
1036 1137 1093 1198 και
1120 1134 1268 1219 νομοθέ-

260 1259 336 1315 ταις
360 1239 402 1316 ².)
454 1230 545 1302 Ἔστι
573 1237 608 1302 δὲ
631 1235 731 1301 τοῦτο
759 1236 786 1316 3)
825 1230 864 1302 τὸ
892 1229 1185 1356 συγγινοίσκεσθαι
1208 1242 1270 1324 μέν

258 1336 419 1422 άξίους’
404 1363 489 1406 ειναι
521 1334 598 1415 τούς
627 1332 791 1416 ἀκουσίως
814 1334 966 1404 τοιοῦτόν
997 1363 1031 1404 τι
1063 1333 1268 1430 πράξαντας,

258 1440 318 1532 ούχ
353 1438 396 1520 ὡς
423 1443 475 1508 ἐπὶ
502 1443 551 1532 τῷ
577 1443 735 1531 γινομένῳ
766 1435 938 1531 πράγματι
958 1435 990 1522 ⁴)
1014 1443 1073 1522 τῆς
1103 1437 1270 1520 κολάσεως
1343 1475 1345 1482 v

259 1541 469 1668 ὁριζομένης,
507 1538 577 1609 ἀλλ’
609 1543 660 1610 ἐπὶ
687 1543 733 1634 τῷ
762 1538 874 1635 τρόπῳ
900 1544 960 1625 τῆς
991 1540 1153 1636 πράξεως,
1188 1537 1269 1636 ὅπερ

259 1645 334 1716 ὂύτε
350 1649 424 1714 τιῖα
441 1644 549 1713 ἀλλων
563 1640 678 1727 τίς,
661 1641 736 1712 ούτε
758 1642 865 1714 ἀυτῶν
885 1642 1010 1715 τούτων
1031 1643 1075 1727 ἀς
1100 1645 1139 1715 ού
1162 1651 1271 1727 καλῶς

258 1752 347 1841 ἔχον,
369 1746 529 1818 ἀντιάται.
572 1749 644 1817 Καί
664 1773 719 1816 τοι
736 1749 768 1815 τί
784 1750 849 1872 τῶγ
869 1744 956 1816 ὃι”
932 1773 1072 1880 ργνοιαν
1086 1756 1270 1842 πραττομέ

259 1877 322 1923 νων
342 1858 389 1936 5),
418 1847 711 1975 άμαρτανὸντωγῆ
735 1840 836 1944 βία
814 1877 914 1933 ηττον
933 1849 975 1954 ἀν
1000 1857 1061 1922 ε’ῑεν
1079 1851 1271 1944 συγγνώμης

258 1954 364 2040 αξιοι,
400 1951 522 2036 έιὸάτες
545 1949 652 2042 μέν’
637 1949 661 2021 ά
688 1949 908 2046 πράττουσιν,
944 1949 1004 2026 οὐκ
1025 1958 1215 2048 ἕχοντεςέ
1180 1961 1254 2025 δέ
1238 1983 1272 2025 εν

260 2056 375 2139 ἀυτοῖς
399 2057 459 2142 τὴν
487 2058 652 2140 ἐξουσίαν,
691 2059 752 2125 τοῦ
781 2054 926 2140 (τούτων
953 2057 1067 2151 ἀυτοῑς
1098 2056 1272 2153 περιεστά-

258 2189 324 2233 των
345 2157 448 2246 5),“1
424 2189 449 2230 α
466 2157 595 2241 πάντως
618 2158 733 2239 ἀυτοῖς
761 2167 816 2229 καί
839 2159 916 2244 85²
897 2159 1042 2250 ἀνάγκης
1061 2166 1272 2285 περιεστάναι

259 2257 327 2349 δεί)
341 2264 426 2334 ἀλλο
445 2291 480 2333 τι
499 2260 699 2390 [πράττειν,]
726 2261 894 2358 ⁷³⁰)nap
870 2293 894 2332 α
913 2262 1117 2392 πράττυυρις
1144 2293 1190 2334 τω
1210 2264 1272 2349 τὴν

260 2367 363 2465 φύσιν
388 2366 499 2436 ἀυτῶν
523 2367 606 2436 εἰναι
631 2364 811 2451 τοιαύτην,
846 2374 902 2436 καὶ
927 2373 1012 2437 έῐναι
1036 2368 1074 2438 τὸ
1100 2367 1186 2437 κατά
1212 2367 1273 2452 τὴν

260 2470 382 2540 οἰκείαν
402 2469 516 2551 ἀυτεῖς
537 2467 638 2563 φύσιν
661 2473 799 2540 Ιεκαστον
819 2467 991 2561 πράττειν,
1020 2463 1064 2541 ὧν
1086 2468 1273 2566 πράττουοι

260 2573 342 2644 καθ’
372 2577 584 2667 έιμαρμὲνην,
630 2570 674 2653 ὡς
707 2579 778 2654 τοῖς
816 2570 964 2666 βάρεσιν
985 2573 1166 2671 ἀφέθεῖσιν
1199 2573 1272 2656 ⁷b)

226 2731 228 2738 ,
260 2675 395 2748 ἀνωθεν
422 2675 465 2745 τά
491 2679 661 2771 φέρεσθαι
688 2673 793 2758 κάτω,
829 2683 886 2746 καί
913 2685 984 2759 τοῖς
1013 2683 1203 2774 περιφερέσι
1231 2677 1274 2748 τὸ

260 2779 347 2850 κατά
361 2782 424 2848 τοῦ
442 2782 608 2872 πρανους,
630 2783 659 2848 ἐι
684 2777 924 2874 άφεθεῖεν·ἀφ’
942 2779 1045 2852 ἀστοῦ
1056 2835 1065 2866 ,
1087 2789 1269 2853 κινεῖσθαιι

251 2878 392 2973 Ὅμοιον
416 2881 480 2975 γάρ
509 2881 549 2950 τὸ
574 2885 633 2951 τοῦ
655 2879 713 2950 τὸν
739 2879 840 2951 ἰ’ππον
871 2882 1021 2968 κολάζειν
1052 2885 1181 2970 ἀξιοῦν,
1219 2879 1274 2956 ὅτι

259 2985 306 3076 με)
335 2987 424 3054 ἔστιν
451 2983 650 3078 ἄνθρωπος,
686 2987 831 3055 καὶτῶν
859 2984 967 3057 ἄλλων
997 2986 1085 3072 ζώων
1117 2994 1272 3065 ἕκαστον,

261 3085 305 3169 ὡς
325 3085 448 3172 ταύτης
470 3091 529 3172 τῆς
548 3089 659 3182 ψυχῆς
681 3092 711 3169 8)
740 3095 796 3157 καὶ
820 3089 865 3178 με)
886 3093 1055 3178 βελτίονος
1076 3090 1293 3183 τετυχήκασι

259 3217 354 3272 τινες.
393 3188 481 3260 Ἀλλ’
506 3189 612 3269 οὐδεὶς
643 3188 796 3282 Φάλαρις
817 3190 921 3275 ὁύτως
939 3192 1027 3286 ὠμός
1045 3223 1078 3265 τε
1099 3204 1154 3266 καὶ
1171 3195 1273 3280 ἀνόη-

260 3318 317 3375 τος
336 3291 379 3374 ὡς
396 3297 448 3362 ἐπί
467 3320 533 3363 τινι
548 3296 614 3362 τῶν
628 3289 714 3362 ὁύτω
728 3301 905 3384 γινομένων
927 3296 1076 3382 κολάζειν
1096 3299 1154 3369 τὸν
1175 3298 1273 3384 ποιή-

260 3422 375 3467 σαντα.
413 3394 532 3486 Επι’
503 3421 586 3466 τισιν
604 3393 662 3464 ύυυ
680 3425 717 3464 αι
707 3394 884 3481 ’κολάσεις
905 3399 1035 3490 έύλογοι
1056 3407 1108 3488 9),
1148 3400 1214 3494 ούχ
1224 3407 1270 3474 έπ

260 3499 375 3580 ἀλλοις
395 3502 498 3583 τισίνς
528 3502 587 3568 ἐπὶ
596 3504 657 3582 9ιι)
680 3507 751 3580 τοῖς
756 3502 861 3626 παρά
880 3503 941 3588 τὴν
961 3503 1069 3575 ἀντιιν
1088 3506 1272 3600 μοχθηράν

259 3599 385 3696 ἀίρεσιυ
409 3606 601 3690 γινομένοις.
645 3595 771 3698 Ἐφ
746 3631 791 3674 ων
817 3607 882 3700 γάρ
912 3605 1007 3677 ἀυτοὶ
1036 3609 1095 3693 τὴν
1122 3614 1273 3734 ε’ξρυσίαν
1341 3597 1348 3611 ’

259 3709 319 3789 τῆς
342 3711 495 3796 αἱρέσεως
528 3706 669 3828 ἐγρντες,
706 3707 943 3792 καταλιπόντες
975 3710 1033 3781 τὸν
1058 3713 1182 3784 σκοπὸν
1206 3717 1272 3782 τῶν

199 3845 204 3858 .
259 3812 508 3929 πραττομένων,
529 3806 585 3904 ύφ
611 3808 720 3880 ἀυτῶν
738 3817 782 3895 ¹⁰)
803 3819 981 3884 ποιεῖσθαι
999 3812 1073 3885 τότε
1092 3816 1204 3888 καλὸν
1214 3827 1273 3888 καὶ

260 3911 319 3979 τὸν
341 3907 444 3999 νόμον
468 3915 531 3996 ¹¹),
567 3919 702 4004 κέρδους
732 3920 777 3998 ¹²)
802 3914 921 4010 χάριν,
965 3917 986 4002 ἢ
1014 3917 1135 4005 ἡδονῆς
1162 3933 1270 4024 τινος

260 4010 478 4105 ὑπερορῶντες
507 4019 633 4088 ἐκείνων
661 4013 843 4109 πράττουσι
882 4021 924 4090 τά
954 4027 1090 4116 φαῦλα,
1132 4023 1272 4110 τούτους
