2782 4790
1042 389 1100 452 tte

98 568 173 624 sunt
202 575 415 639 eorumquae
438 565 649 639 generantur,
676 563 706 616 et
735 567 1002 638 corrumpuntur,
1029 558 1098 641 qui-

100 664 162 724 bus
188 680 253 722 non
282 669 329 721 est
361 657 493 722 alterum
525 649 746 740 oppositoruin
768 657 918 722 innatum.
978 661 1119 726 Unnma.

102 764 254 846 quodque
275 772 382 844 potest
400 760 548 844 opposita
565 759 631 842 pati
652 770 684 824 et
704 782 787 836 uon,
825 761 927 824 idest
948 762 1103 848 contingit

101 865 170 948 pati
191 875 223 927 et
240 885 304 928 non
321 863 399 946 pati.
444 864 541 946 Quod
563 874 666 926 autem
686 863 840 950 contingit
859 865 972 928 mutari
988 867 1021 929 in
1041 888 1102 948 ops

100 967 252 1052 positum,
276 966 309 1030 id
326 989 391 1032 non
406 979 454 1034 est
476 989 517 1030 ex
535 965 732 1042 necessitate,
754 967 787 1030 in
810 988 999 1051 quocunque
1014 967 1102 1051 ipso·

100 1091 173 1134 rum
198 1071 286 1152 prius
304 1070 414 1133 fuerit.
458 1069 613 1132 Liber'nm
639 1068 736 1153 igitur
762 1068 925 1132 arbitrium
947 1093 1012 1134 non
1034 1093 1102 1134 om-

102 1173 154 1236 nia
173 1194 254 1256 quae
268 1173 364 1249 fiunt,
388 1181 421 1236 et
439 1171 623 1236 necessitate
640 1170 712 1233 fieri
728 1173 863 1254 probat3
885 1171 1001 1254 indicio
1020 1196 1102 1257 quo-

103 1297 165 1360 que
190 1288 239 1340 est
260 1276 391 1340 fortuna
412 1297 492 1358 quae
509 1273 744 1339 continuitatem
763 1294 892 1352 eorum,
917 1297 998 1358 quae
1021 1278 1102 1340 serie

103 1380 238 1462 quadam
269 1377 341 1442 ficri
369 1376 537 1454 videntur,
576 1376 753 1440 rescindere
777 1389 895 1460 potest.
941 1377 975 1442 si
1005 1378 1103 1462 igitur

103 1481 180 1546 nihil
205 1481 306 1545 minus
337 1480 464 1544 evidens
490 1501 583 1564 quam
608 1480 740 1565 Fatum,
787 1480 901 1563 aliquid
929 1481 960 1544 in
990 1493 1102 1548 nostro

105 1584 239 1648 arbitrio
262 1605 353 1661 esse,
385 1596 417 1647 et
441 1583 536 1646 multa
563 1605 580 1645 a
604 1582 733 1646 fortuna
760 1595 791 1646 et
813 1605 831 1645 a
856 1606 930 1646 casu
947 1585 1034 1661 fieri,
1073 1597 1105 1646 et

105 1687 235 1752 omnino
263 1687 295 1751 in
324 1689 419 1750 rebus
442 1685 638 1772 generationi
659 1685 825 1762 obnoxiis,
864 1688 895 1750 in
917 1687 1029 1772 quibus
1057 1699 1104 1750 est

104 1791 254 1867 Fatum,
280 1811 349 1854 esse
371 1810 498 1874 quoque
526 1801 669 1852 naturam
695 1788 923 1874 contingentis,
962 1811 1001 1854 eo
1024 1811 1104 1855 vero

104 1894 175 1958 tolli
196 1892 433 1969 necessitatem,
456 1891 651 1974 impossibile
676 1890 775 1978 igitur
797 1903 845 1954 est
866 1905 900 1956 ut
918 1894 1030 1957 Fatum
1052 1915 1104 1957 res

106 2000 258 2081 quaedam
279 1995 319 2060 sit
336 1996 524 2072 necessaria,
549 2005 580 2057 et
602 2017 695 2077 quam
716 1995 893 2080 transgredi
910 1995 1104 2078 impossibile
1137 2042 1140 2050 ,

105 2101 156 2164 sit.
202 2099 303 2182 Atqui
328 2099 360 2161 in
385 2098 533 2162 confesso
560 2109 608 2162 est
629 2096 732 2160 omnia
754 2120 835 2182 quae
854 2101 1023 2162 secundrun
1042 2099 1104 2161 Fa.-

104 2216 171 2266 tum
191 2202 288 2278 finiat,
326 2204 496 2264 secumdum
516 2200 657 2265 ordinem
681 2203 834 2281 quendam
856 2213 886 2264 et
909 2221 1105 2283 consequen-

104 2308 177 2370 tiam
200 2307 354 2388 quandam
380 2304 471 2380 lieri,
507 2315 539 2366 et
559 2303 672 2366 seriem
694 2305 847 2386 quandam
868 2306 986 2366 babere
1014 2304 1045 2366 in
1070 2325 1105 2366 se

103 2408 192 2492 ipsis,
244 2410 319 2471 Non
349 2407 430 2470 enim
465 2429 516 2470 res
547 2392 709 2469 Fortunae
740 2407 854 2470 similes
881 2420 952 2472 sunt
985 2407 1103 2471 eventis

104 2513 203 2594 ipsius
219 2511 309 2586 Fati;
341 2510 413 2574 illae
437 2510 518 2578 enim
543 2509 702 2573 instabiles
725 2521 814 2587 snut,
850 2521 881 2572 et
904 2532 979 2574 raro
1006 2511 1102 2586 fiunt,

107 2629 137 2678 et
167 2617 238 2679 fere
273 2615 340 2678 sine
371 2635 483 2688 causa;
515 2611 548 2676 id
573 2633 653 2680 vero
685 2616 772 2695 qruod
798 2616 967 2677 securandum
990 2614 1104 2676 Fatum

107 2732 174 2795 est,
198 2731 301 2790 totum
318 2718 528 2782 contrarium:
553 2729 693 2782 catenam
707 2715 807 2801 igitur
821 2738 984 2782 causarum
1001 2715 1104 2797 ipsum

107 2844 173 2886 esse
195 2821 314 2884 dicunt.
359 2821 442 2901 Quin
464 2841 565 2902 neque
592 2820 673 2882 idern
700 2822 786 2902 quod
808 2841 942 2902 eaquae
968 2842 1008 2882 ex
1026 2840 1104 2900 pro-

106 2926 214 3009 posito
236 2925 315 2986 fiunt
334 2925 447 2987 Fatum
465 2945 534 2992 csse
560 2922 702 2988 addetur:
727 2922 792 2984 eius
815 2922 895 2988 enirn
917 2922 1103 2985 continuitas

107 3026 239 3092 anobis
268 3038 299 3088 et
322 3038 435 3098 nostro
457 3023 626 3106 proposito
651 3045 877 3106 saepenumero
904 3026 1102 3104 rescinditur,

107 3130 209 3214 Atqui
229 3129 260 3194 in
280 3129 510 3214 generabilibus
541 3139 572 3190 et
593 3128 850 3210 corruptibilibus
877 3131 933 3192 bas
962 3127 1102 3192 videmus

107 3257 177 3298 csse
204 3255 311 3304 causas
337 3245 464 3315 praeter
490 3245 651 3309 naturam,
697 3254 776 3316 qnae
796 3232 865 3314 ipsa
883 3231 1042 3296 constitnit
1067 3243 1113 3292 ae·

107 3337 253 3412 fabricat,
278 3337 486 3412 dilectionem,
516 3335 631 3401 Casum
647 3349 677 3399 et
689 3338 874 3401 Fortunam.
919 3338 957 3398 In
971 3335 1008 3398 iis
1022 3335 1105 3398 enim

109 3463 171 3504 non
192 3453 239 3514 est
257 3462 325 3516 ars,
351 3464 421 3504 earm
443 3461 578 3523 qnorum
600 3441 686 3508 nullo
705 3441 818 3502 Fatum
833 3440 915 3502 idern
931 3460 1000 3500 esse
1017 3437 1103 3502 videa

107 3558 172 3608 tur.
229 3543 397 3626 Reliquum
426 3545 524 3630 igitur
552 3557 599 3607 est
629 3556 664 3606 ut
697 3545 810 3606 Fatum
843 3543 919 3605 nihil
951 3541 1034 3604 aliud.
1062 3541 1102 3603 sit

109 3675 202 3736 (laram
217 3651 350 3733 propria
363 3662 473 3722 natura
491 3647 745 3730 uniuscuiusque.
789 3649 865 3710 Non
886 3645 967 3709 enim
988 3644 1019 3708 in
1034 3646 1103 3708 anni·

108 3755 224 3818 versali
252 3767 282 3817 ct
311 3753 468 3817 communi
497 3764 543 3816 cst
569 3753 703 3825 Fatum,
738 3762 772 3815 ut
794 3752 824 3814 in
847 3772 963 3835 genere
984 3751 1016 3812 in
1037 3749 1103 3811 nni·

52 3889 54 3892 ·
109 3860 263 3933 malibus,
287 3853 485 3930 hominibus,
521 3855 628 3918 sedin
655 3853 883 3938 singularibus,
917 3854 1047 3917 Socrate
1073 3865 1104 3914 et
1146 3838 1150 3847 ¹

109 3962 223 4027 Callia.
255 4041 259 4050 .
284 3963 322 4028 Iu
354 3960 401 4048 his
431 3972 531 4034 autern
564 3958 695 4042 propria
726 3969 838 4020 natura-
860 3956 1047 4039 principium
1073 3967 1104 4016 et
