2828 4792
255 428 295 492 16

245 602 301 668 καὶ
318 590 474 678 τοιαύτης
490 587 579 677 4),’
558 594 741 679 αναγκαῖον
756 585 800 669 ὥς
816 584 925 686 ἀνέγγ
941 583 986 657 τά
1002 583 1158 679 γινόμενα
1179 583 1266 677 κατὰ

245 696 359 796 φύσιν,
375 693 480 777 ἀν’τως
493 696 576 786 ἔχειν
592 700 647 763 καὶ
660 719 704 762 τοι
689 689 801 762 καθ’
814 695 1022 816 έιμορμένην.
1038 688 1196 762 Ἀλλά
1156 717 1222 780 μην
1235 692 1266 773 5)

244 801 289 872 τά
308 797 464 892 γινόμενα
481 795 570 868 κατά
586 792 690 892 φύσιν
711 793 771 865 οάκ
796 793 875 880 έξ’
854 792 999 883 ανάγκης
1017 796 1159 884 γίνεται,
1193 791 1262 863 ἀλλ’

244 907 334 976 ἔστιν
350 933 382 988 η
360 900 511 994 ”γένισις
531 902 597 970 τῶν
615 896 701 969 ὁάτω
717 904 896 1024 γινομένων
921 901 1173 1023 έμιτοδιζομένη,
1209 893 1263 967 διό

169 1053 190 1077 s
245 1033 325 1078 ποτε
338 1001 456 1098 μένάς
473 1008 525 1073 ἐπὶ
538 1029 579 1072 το
565 1000 746 1072 πλεῖστον
761 1000 992 1090 γίνεταιθ)
954 1029 999 1072 τα
1008 998 1165 1093 γινόμενα
1179 999 1267 1072 κατά

245 1107 361 1205 φύσιν,
383 1106 423 1178 οὗ
442 1105 507 1198 μὴν
521 1107 555 1190 ἐξ
568 1102 729 1194 ἀνάγκης,
748 1103 862 1202 χώραν
873 1104 940 1200 γάρ
955 1111 989 1176 ἐν
1002 1103 1116 1187 ἀυτοῑς
1130 1107 1194 1196 ἔχει
1208 1111 1265 1174 καὶ

244 1212 285 1282 τὸ
298 1209 393 1303 παρά
404 1208 527 1308 φύσιν,
549 1215 607 1278 καὶ
619 1210 743 1297 γίνεται
757 1205 823 1278 ἀπό
837 1233 929 1290 τινος
942 1207 1052 1290 ἀιτέας
1062 1209 1187 1294 ἔξωθεν
1199 1224 1265 1277 τια-

245 1316 528 1411 ρσμποδισθιέσης
542 1314 573 1397 ⁷)
593 1314 653 1396 τῆς
676 1308 808 1407 φάσεως
829 1311 875 1393 εἰς
898 1312 937 1381 τὸ
959 1315 1055 1406 ἔργον
1075 1311 1114 1382 τὸ
1137 1315 1265 1396 ἑαυτῆς.

197 1419 201 1429 ”
248 1417 311 1490 Διὸ
329 1415 404 1488 ὀέτσ
422 1418 456 1500 έξ
469 1413 613 1505 ἀνάγκης
627 1413 811 1507 ἄνθρωπος
826 1417 859 1498 ἐξ
872 1413 1059 1510 ἀνθρώπου
1075 1417 1105 1500 ⁸)
1126 1412 1197 1484 ἀλλ’
1222 1411 1266 1495 ὡς

245 1526 297 1591 έπὶ
311 1519 351 1589 τὸ
362 1525 530 1590 πλεῖστον·
553 1512 635 1587 ὥστε
649 1523 706 1586 καὶ
720 1521 750 1600 9)
765 1517 852 1587 κατά
862 1516 922 1602 τὴν
933 1515 1084 1611 ὡρίσθαι
1099 1521 1267 1588 δοκοῦσαν

244 1624 461 1718 προθεσμίαν
485 1627 555 1703 τοῖς
574 1625 759 1710 γινομένοις
780 1620 868 1690 κατὰ
889 1619 1013 1716 φύσιν,
1043 1624 1268 1693 ἕκαστοντῶν

246 1725 334 1798 ὁάτω
351 1730 528 1816 γινομένων
550 1721 611 1794 οὐκ
628 1721 681 1792 ἀεὶ
696 1725 822 1812 γίνεται
843 1728 899 1809 ¹⁰).
933 1724 1053 1808 ’Όντος
1078 1730 1114 1795 δέ
1132 1730 1166 1795 έν
1194 1731 1267 1808 τοῖς

245 1833 430 1922 γινομένοις
444 1826 531 1897 κατά
542 1824 645 1923 φύσιν
659 1831 785 1896 καὶτοῦ
799 1828 893 1954 παρὰ
903 1826 1007 1925 φύσιν
1020 1832 1074 1914 ¹¹),
1091 1822 1199 1924 ἀσπιρ
1209 1835 1267 1898 καὶ

247 1937 282 2004 έν
294 1940 365 2014 τοῖς
383 1957 471 2001 κατα
454 1929 597 2022 τέχνην
612 1935 640 1968 ”
649 1933 698 2014 τ),
716 1926 829 2024 χώραν
839 1930 881 2002 ἀν
895 1933 964 2023 ἔχοι
977 1939 1033 2002 καὶ
1051 1937 1085 2004 έν
1096 1939 1166 2014 τοῖς
1179 1931 1267 2002 κατά

245 2035 307 2121 τὴν
335 2039 542 2160 έιμαρμένην
556 2039 742 2124 γινομένοις
776 2032 816 2105 τὸ
841 2035 936 2128 παρά
966 2035 1027 2120 τὴν
1058 2040 1265 2130 έιμαρμένην.

238 2133 344 2210 Ὥστε
355 2143 384 2208 ἐι
394 2135 508 2266 γάρον
522 2138 587 2230 ἔχει
600 2135 695 2221 ”)
662 2163 701 2206 το
715 2137 809 2265 παρὰ
822 2136 925 2228 φύσιν
935 2147 991 2210 καὶ
1007 2138 1054 2231 μὴ
1069 2138 1162 2210 κενόν
1176 2143 1265 2209 έστιν

247 2241 369 2335 ὄνομα,
392 2245 460 2333 ἔχοι
471 2239 513 2311 ἀν
524 2245 587 2310 ἐν
571 2247 641 2322 τοῖς
652 2247 837 2330 γινομένοις
846 2239 961 2366 γώραυ
974 2241 1079 2312 καὶ
1045 2271 1084 2313 το
1092 2241 1192 2369 παρά
1204 2241 1265 2327 τὴν

247 2349 452 2469 ἱιμαρμένην.
498 2342 559 2414 Λιὸ
581 2350 638 2412 καὶ
655 2348 745 2432 λέγοι
766 2371 818 2425 τις
840 2343 881 2416 ἀν
902 2343 1043 2436 έυλόγως
1066 2346 1126 2431 τὴν
1141 2345 1265 2416 ἀικεῑαν

247 2447 351 2569 φάσιν
365 2445 469 2542 ἀρχὴν
484 2443 624 2516 στάσιον
643 2453 700 2516 καὶ
710 2443 822 2518 ἀντίαν
833 2452 975 2520 ἐῖνοιι
934 2477 993 2575 τιγς
1010 2453 1074 2520 τῶν
1086 2455 1266 2541 γινομένων

194 2608 197 2616 .
245 2550 319 2622 ἐν
299 2539 389 2646 αυτῷ
411 2546 617 2644 κατὰφύσιν
634 2547 763 2634 τάξεως.
800 2548 892 2624 Από
908 2550 1034 2637 ταύτης
1048 2551 1132 2648 γάρ,
1155 2550 1199 2634 ὦς
1213 2557 1265 2622 ἐπὶ

245 2653 286 2725 τὸ
306 2622 493 2725 πλιέστσν’
478 2655 545 2722 σι’τι
565 2655 636 2742 βέοι
659 2655 724 2723 τῶν
745 2651 935 2748 ἀνθρώπων
954 2654 1015 2740 τὴν
1028 2653 1120 2741 τάξιν
1133 2655 1264 2783 καὶτγμ

247 2754 488 2853 καταστροφὴν
508 2760 552 2840 ’5)
572 2753 810 2847 λαμβάνουσιν.
864 2755 1008 2854 Ὁρῶμεν
1031 2763 1113 2849 γοῦν
1132 2754 1263 2845 14)“οτι

244 2870 304 2933 ,καὶ
325 2859 365 2932 τὸ
390 2863 486 2951 σῶμα
506 2863 554 2954 τῷ
573 2858 704 2945 τ’σιὸνῆ
724 2861 818 2932 τοιάν
832 2865 917 2934 ἒῑναι
929 2861 991 2946 ’τὴν
1004 2861 1124 2958 φάσω,
1152 2871 1209 2934 καὶ
1230 2868 1264 2934 ἐν

210 2963 213 2967 ’
247 2963 362 3045 νάσοις
377 2971 438 3034 καὶ
459 2969 617 3059 φθοραῖς
642 2967 687 3049 ’5)
709 2962 909 3048 ἀκολούθως
932 2969 973 3065 τῇ
995 2971 1120 3066 φυσικῇ
1141 2964 1263 3038 συστά-

249 3081 300 3140 σει
323 3069 369 3153 ’5)
390 3069 536 3158 γίνεται,
559 3066 598 3138 οὐ
619 3067 685 3160 μὴν
705 3071 739 3153 ἐξ
758 3066 903 3158 ἀνάγκης
917 3075 978 3154 ¹⁷),
1000 3075 1112 3142 ἱκαναὶ
1126 3073 1194 3168 γάρ
1213 3075 1264 3140 έκ-

249 3175 390 3266 κροῦσαι
411 3169 471 3255 τὴν
495 3168 627 3242 τοιάνδε
647 3169 740 3256 τάξιν
761 3175 939 3262 ἐπιμέλειαί
960 3182 1069 3246 τεκαὶ
1094 3173 1198 3270 ἀέρων
1218 3177 1263 3260 ’5)

246 3274 440 3363 ὑπαλλαγαὶ
472 3281 529 3343 καὶ
549 3272 741 3369 προςτάξσις
762 3273 886 3369 ἰατρῶν
910 3284 967 3347 καὶ
988 3285 1186 3369 συμβουλαὶ·
1208 3284 1263 3365 ¹9).

253 3383 353 3450 Θεῶν.
373 3376 476 3448 Κατά
485 3383 521 3447 δὲ
533 3377 591 3448 τὸν
605 3376 707 3448 ἀντὸν
714 3375 837 3470 τρόπον
849 3387 906 3449 καὶ
916 3384 965 3451 ἐπὶ
978 3385 1037 3466 τῆς
1045 3383 1158 3478 ψυχῆς
1171 3380 1262 3476 ἱέρσι

247 3509 300 3564 τις
313 3479 355 3552 ἀν
368 3479 528 3565 κατάτὴν
542 3480 687 3578 φυσικὴν
696 3482 901 3568 κατασκευὴν
912 3487 963 3569 ²⁰)
977 3483 1163 3580 διαφόρους
1172 3507 1262 3574 γινο-1

247 3590 351 3676 μένας
369 3580 495 3678 ἑκάστῳ
515 3581 576 3665 τάς
596 3611 630 3653 τι
654 3591 863 3679 προαιρέσεις
889 3595 945 3658 καὶ
969 3586 1029 3668 τοὶς
1049 3587 1181 3682 πράξεις
1193 3597 1261 3658 καὶ

248 3686 329 3770 τούς
343 3691 438 3777 βίους
452 3692 537 3772 ὀτ).
551 3690 670 3768 Ἠθος
682 3687 748 3784 γὰρ
764 3687 936 3786 ἀνθρώπῳ
958 3691 1005 3776 ”)
1019 3695 1154 3784 δαίμων,
1176 3692 1264 3761 κατ’σὶ

248 3790 309 3862 τὸν
316 3788 544 3884 Ἡράκλειτον,
566 3795 717 3862 τουτέστι
729 3791 839 3887 φάσις.
857 3789 918 3876 Ὡς
928 3798 980 3865 ἐπὶ
992 3793 1031 3864 τὸ
1041 3801 1196 3866 πλεῖστον
1206 3799 1261 3878 Ι”)

247 3894 313 3988 γὰρ
336 3901 409 3975 ταῖς
430 3900 588 3990 φυσικαῖς
608 3904 826 3978 κατασκευαῖς
850 3923 885 3966 τι
901 3905 964 3968 καὶ
986 3903 1178 3980 διαθέσεσι,
1199 3897 1261 3978 τὰς

251 4027 286 4069 τι
304 3996 436 4088 πράξεις
456 3997 610 4080 καὶτοὺς
623 4001 718 4088 βίους
739 4009 793 4072 καὶ
818 4001 879 4084 τὰς
896 4003 1135 4099 καταστροφάς
1147 4001 1260 4072 ἀυτῶν
