2828 4792
1091 391 1131 456 tt

124 565 204 638 sos?
227 565 295 629 Iam
317 561 400 628 entim
416 559 548 630 vidimus
569 561 685 626 babere
702 561 859 626 bominem
876 562 908 626 in
927 562 1020 626 rebm
1035 581 1132 646 agen·

125 671 172 734 dis
191 679 383 756 potestatem
405 665 496 730 etiam
513 667 552 728 ad
573 663 766 734 contrarium
786 686 821 728 ee
833 665 998 741 uenandi,
1022 664 1133 728 deinde

125 793 206 836 vero
225 791 290 834 non
310 788 403 832 omne
422 771 509 851 quod
527 765 691 852 deligimus
712 769 831 832 habere
850 789 958 831 causas
980 787 1134 852 praegre-

124 875 271 948 dientes,
294 892 354 954 per
372 891 450 954 quas
469 891 533 936 non
552 869 641 934 licuit
661 869 754 934 nobis
776 870 859 934 aliud
877 871 1035 955 deligere,
1059 868 1133 934 satis

128 975 268 1048 ostendit
289 973 382 1036 ctiam
403 993 461 1050 ea,
483 993 563 1056 quae
587 992 682 1054 saepe
704 971 849 1036 dilectum
867 973 1029 1056 sequitur,
1054 994 1135 1056 poe·

109 1079 270 1144 nitentia.
316 1079 481 1159 Tanquam
503 1075 585 1138 enim
606 1074 638 1137 in
661 1067 753 1138 nobis
775 1075 870 1140 luerit
895 1078 958 1140 hoc
976 1098 1035 1140 nec
1057 1075 1135 1140 deli-

128 1204 204 1269 gere
228 1201 287 1244 nec
305 1198 412 1265 agere,
433 1176 627 1260 poenitentia
650 1177 803 1255 ducimur,
827 1199 950 1261 nosque
967 1179 1058 1260 ipsos
1081 1200 1134 1242 ac·

128 1305 273 1350 cusamus
305 1284 343 1346 de
380 1280 503 1346 consilii
527 1278 788 1358 hallucinatione,
838 1279 913 1363 quin
941 1292 972 1344 et
1004 1281 1032 1344 si
1056 1280 1135 1344 alios

127 1388 290 1452 videamus
321 1384 354 1449 in
381 1385 506 1469 agendo
530 1401 595 1448 non
616 1393 735 1446 rectam
756 1382 873 1462 metare
899 1383 1004 1459 mam,
1042 1381 1136 1446 etiam

127 1490 199 1554 illos
211 1499 247 1551 ut
258 1498 437 1570 peccantes,
462 1485 636 1572 arguimus.
659 1473 831 1552 Praeterea
846 1486 1029 1552 assumimus
1043 1485 1136 1550 nobis

129 1589 253 1658 consilii
274 1589 468 1672 participes,
492 1600 605 1672 utpote
629 1589 661 1652 in
683 1591 776 1655 nobis
801 1590 881 1667 sito,
906 1609 1137 1654 assumamusne

128 1697 209 1776 tales
240 1693 273 1756 in
308 1691 492 1769 eonsilium,
539 1713 580 1756 an
610 1713 675 1756 non
709 1715 918 1770 assumamus,
965 1712 1077 1774 nempe
1102 1703 1137 1756 ut

129 1819 241 1863 eorunm
264 1817 327 1878 ope
348 1795 460 1858 directi
485 1815 613 1879 agamus
636 1807 667 1858 et
685 1796 744 1858 alia
762 1799 911 1878 quaedam
935 1799 974 1860 ab
996 1797 1034 1860 iis
1057 1815 1136 1878 quae

130 1901 294 1986 agimus..
323 1898 520 1962 Libertatem
547 1911 650 1962 autem
684 1899 813 1964 volendi
841 1899 902 1962 dici
924 1899 1008 1962 circa
1036 1920 1073 1961 ca
1103 1898 1136 1962 in
1218 1883 1221 1890 ’

127 2004 244 2088 'quibus
263 2013 295 2066 et
314 2001 473 2064 contraria
496 2000 635 2086 deligere
656 1989 844 2084 possumus,
867 2015 934 2064 tum
953 2024 1011 2084 per
1028 2023 1062 2064 se
1077 2023 1137 2066 no·

129 2119 213 2186 tum,
237 2102 304 2171 tum
325 2102 400 2171 satis
421 2103 485 2168 hoe
507 2107 674 2168 ostendunt
697 2104 779 2166 dicta
801 2107 971 2168 haetenus·

570 2207 685 2270 XIII.

192 2313 271 2377 Hoc
290 2322 394 2376 autem
415 2321 450 2374 ut
469 2311 636 2374 defendant
657 2305 701 2388 ii,
732 2311 786 2395 qui
811 2311 915 2376 omnia
929 2312 1015 2378 ,Fato
1046 2323 1137 2376 autu·

132 2427 217 2484 mant
245 2415 333 2491 fieri,
371 2414 506 2496 primum
536 2435 575 2478 ne
601 2413 661 2496 ipsi
689 2415 813 2497 quidem
839 2423 971 2478 tentant.
1026 2415 1137 2496 Scitmt

132 2519 214 2584 enim
237 2539 271 2593 se
289 2517 322 2582 id
337 2519 515 2580 tentaturos
535 2520 625 2600 quod
645 2517 717 2580 lieri
733 2519 853 2602 nequit.
897 2519 944 2582 At
965 2518 1046 2582 sicut
1064 2519 1137 2584 sor-

133 2635 228 2686 tunae
255 2611 415 2684 vocabulo
438 2620 531 2684 alium
560 2620 783 2684 substituentes
812 2619 1042 2706 significatum,
1079 2611 1138 2684 imss

134 2735 258 2806 ponunt
273 2723 468 2787 auditoribus
486 2736 521 2786 ut
536 2723 701 2786 videantur
718 2736 750 2786 et
760 2724 820 2806 ipsi
834 2737 971 2789 statuere
987 2727 1139 2808 quaedam
1156 2757 1158 2762 v

132 2829 217 2894 sorte
247 2827 377 2890 fortuna
401 2825 493 2902 fieri,
531 2825 612 2888 idem
641 2827 759 2890 faciunt
787 2827 818 2890 in
845 2849 884 2892 eo
914 2832 1001 2910 quod
1026 2828 1139 2890 dicitur

134 2942 262 2996 nostrae
282 2951 350 2994 esse
368 2928 546 3012 potestatis.
592 2930 674 2992 Nam
704 2931 828 2994 sublato
851 2931 986 2994 hominis
1005 2930 1139 2994 arbitrio

135 3037 173 3098 ad
196 3034 342 3121 dilectum
376 3031 594 3114 actionemque
627 3033 937 3114 contrapositorum,
978 3034 1008 3096 id
1034 3034 1140 3096 dicunt

136 3159 202 3200 esse
220 3137 253 3208 in
268 3147 379 3199 nostra
392 3145 574 3217 potestate,
599 3138 638 3197 ad
657 3138 744 3217 quod
761 3139 915 3220 agendum
932 3148 963 3199 et
984 3158 1043 3200 nos
1063 3159 1140 3200 con·

136 3239 304 3302 currimus.
348 3239 432 3302 Nam
448 3260 536 3315 cum,
562 3238 664 3316 aiunt,
690 3259 801 3314 eorum
816 3252 982 3322 quaesunt
999 3241 1140 3322 fiuntque
1162 3233 1164 3236 ⁵

137 3343 281 3406 diversae
290 3341 350 3420 sint
359 3340 608 3424 multIplieesque
622 3353 771 3406 naturae:
791 3343 964 3421 (nonenim
974 3345 1080 3405 eadem
1094 3354 1142 3406 est

137 3457 251 3510 namra
266 3457 298 3508 et
312 3443 521 3510 animatorum
534 3457 565 3506 et
582 3446 701 3509 animae
714 3445 909 3528 expertium,
934 3445 1141 3510 animatorum

112 3569 265 3632 auoque
291 3569 356 3612 non
378 3547 484 3610 eadem
506 3547 587 3610 inter
612 3571 659 3612 se.
715 3550 803 3629 Quot
826 3548 906 3612 enim
927 3535 1005 3612 stmt¹
1020 3549 1140 3632 spche·

138 3674 207 3716 rum
225 3650 308 3716 inter
328 3671 362 3713 se
388 3651 598 3727 differentiae,
623 3663 675 3716 tot
697 3655 882 3716 documenta.
904 3653 1141 3716 suntdifferen·

139 3757 215 3820 tium
239 3767 272 3818 et
296 3757 509 3835 naturarum).
554 3754 650 3820 Fiunt
678 3767 781 3820 autem
807 3777 887 3839 quae
916 3779 933 3818 a
959 3777 993 3818 re
1017 3777 1140 3839 quaque

138 3859 237 3934 fumt,
263 3861 431 3920 secundum
448 3859 611 3941 propriam
633 3880 721 3930 suam
747 3871 907 3935 namnam,
945 3872 978 3922 ut
1001 3881 1019 3924 a
1039 3860 1142 3940 lapide

138 3965 309 4054 seeundum
334 3961 443 4052 lapidis
471 3973 634 4036 naturam,
675 3965 713 4027 ab
736 3962 809 4046 igne
841 3967 1008 4028 seeundum
1038 3963 1139 4048 ignis,
