2782 4790
127 635 221 698 etlam
242 633 275 698 in
296 643 412 696 nostro
432 624 582 706 arbitrio,
606 629 639 694 id
661 643 742 696 vero
763 635 841 698 adeo
859 632 1060 716 perspicuum
1075 639 1138 707 est,

126 751 164 802 ut
186 759 226 802 ne
254 735 300 800 illi
328 735 478 818 quidem,
516 734 570 819 qui
598 755 650 797 res
675 735 748 799 Fati
771 747 919 820 tanquam
943 735 1145 812 necessarias,

128 842 347 906 corroborare
366 838 546 915 enituntur,
580 837 654 900 huio
671 837 789 920 placito
806 840 977 903 reclamare
998 838 1136 922 possint.

128 942 251 1026 Atqui,
290 941 317 1006 si
338 941 455 1025 aliquid
479 940 578 1004 estin
604 952 716 1004 nostro
742 941 896 1019 arbitrio,
929 943 1026 1026 idque
1053 943 1137 1008 circa
1198 983 1202 992 -

129 1068 167 1108 ea
205 1027 370 1121 versatur,
420 1044 505 1107 circa
537 1063 617 1127 quae
656 1043 779 1107 versari
814 1046 927 1108 Fatum
958 1045 1136 1132 contingit,

127 1149 188 1211 iam
213 1147 338 1212 tollitur
360 1148 474 1210 Fatum
499 1167 567 1210 esse
588 1145 791 1222 inevitabile,
821 1147 1055 1230 insuperabile,
1080 1171 1139 1212 ner

128 1249 312 1314 cessarium.
356 1252 502 1332 Quorum
527 1249 608 1312 enim
633 1271 693 1313 nos
718 1249 873 1332 principia
894 1273 999 1314 sumus
1024 1265 1059 1315 ut
1081 1252 1137 1316 eli-

127 1375 238 1439 gamus
269 1353 323 1417 vel
342 1375 430 1430 nou,
467 1355 546 1415 haec
572 1352 766 1436 impossibile
797 1364 862 1431 est,
900 1366 936 1416 ut
964 1366 1075 1418 coacta
1106 1367 1141 1418 ct

126 1456 305 1538 necessaria
334 1477 404 1520 esse
430 1455 584 1520 dicantur.
642 1456 744 1540 Atqui
767 1478 897 1522 necesse
926 1471 974 1521 est
1003 1458 1138 1541 eosqui

126 1571 271 1624 asserunt
292 1559 406 1623 Fatum
439 1581 523 1636 esse,
563 1561 647 1624 circa
675 1583 711 1624 ea
737 1561 859 1626 versari
891 1560 1014 1638 dicere,
1052 1561 1137 1626 circa

126 1685 208 1748 quae
224 1675 393 1727 versantur
408 1685 488 1747 quae
508 1661 541 1725 in
555 1675 668 1727 nostro
681 1663 814 1727 arbitrio
829 1675 914 1727 sunt.
960 1664 1034 1727 Sive
1054 1664 1135 1728 enim
1234 1671 1238 1686 ⁸

125 1768 214 1830 solos
234 1767 313 1830 fines
333 1766 436 1830 dicant
457 1768 627 1830 secundum
653 1766 767 1829 Fatum
788 1767 874 1844 fieri,
906 1765 974 1830 sive
996 1767 1136 1831 actiones

126 1891 203 1954 quas
225 1869 304 1934 fines
326 1881 518 1953 sequuntur,
543 1866 700 1955 contingit
719 1881 858 1954 utroque
878 1867 974 1935 modo
994 1881 1030 1932 ut
1052 1870 1136 1934 circa

34 2021 37 2026 -
126 1976 236 2038 eadem
258 1974 372 2036 Fatum
392 1993 521 2056 unoque
546 1976 643 2036 modo
664 1973 726 2049 sit,
751 1973 835 2038 eirca
861 1995 941 2058 quae
963 1985 1136 2038 versantur

125 2098 206 2160 quae
230 2075 263 2139 in
288 2076 452 2139 voluntate
474 2086 583 2138 nostra
607 2075 712 2156 posita
736 2088 821 2139 sunt.
866 2077 900 2140 Si
923 2076 1022 2161 igitur
1048 2077 1135 2159 quis*-

125 2201 220 2263 quam
250 2177 390 2243 actiones
418 2195 555 2262 quoque·
574 2177 658 2240 Fato
692 2199 762 2241 esse
795 2177 898 2256 dicat,
946 2179 1020 2242 hino
1048 2191 1138 2262 patet

124 2282 267 2366 positio,
302 2281 333 2344 in
357 2281 406 2344 his
430 2281 512 2344 enim
534 2293 581 2344 est
599 2301 727 2364 quoque
750 2280 884 2344 liberum
904 2281 1086 2357 arbitriums
1108 2281 1136 2346 si

125 2399 230 2450 autem
255 2385 334 2448 lines
363 2387 542 2460 dumtaxat,
581 2405 717 2468 quorum
743 2385 845 2470 gratia
874 2384 1013 2449 actiones
1043 2397 1134 2462 sunt,

124 2493 180 2554 sed
208 2502 285 2571 post
317 2489 396 2550 tales
423 2487 560 2552 actiones
592 2487 671 2550 tales
702 2488 781 2551 fines
813 2501 1013 2572 sequuntur,
1051 2491 1136 2568 (non

126 2593 209 2656 enim
225 2613 272 2668 ea,
298 2613 378 2676 quae
394 2593 682 2674 quomodocunque
692 2591 777 2655 sacta
791 2603 875 2668 sunt,
898 2592 1040 2674 sequitur
1054 2592 1136 2656 idem

65 2761 67 2766 ,
125 2697 211 2777 finis)
229 2699 358 2758 nece'sse
380 2706 428 2757 est
444 2694 542 2780 igitur
562 2706 597 2756 ut
623 2693 762 2780 actiones
781 2717 926 2778 quoque,
958 2715 1035 2778 quas
1056 2694 1135 2758 fines
1222 2713 1225 2718 ·

126 2799 281 2864 eiusmodi
313 2809 503 2882 sequantur,
543 2797 628 2859 Fato
654 2810 781 2860 coactas
809 2819 878 2861 esse
901 2797 1016 2861 dicant·
1060 2799 1136 2861 Non

125 2903 207 2966 enini
228 2915 379 2986 sequetur
399 2900 470 2963 finis
490 2901 659 2961 secundum
673 2901 787 2962 Fatum
808 2900 868 2962 nisi
889 2900 1028 2964 actiones
1043 2922 1137 2983 prae·

125 3005 278 3069 cesserint
291 3024 372 3088 quae
394 3024 433 3066 eo
449 3004 635 3084 perducant·
659 3003 702 3065 Et
716 3002 849 3066 liberum
865 3003 956 3066 etiam
973 3003 1136 3069 arbitrium
1222 3050 1227 3062 .

125 3109 210 3172 circa
235 3108 315 3170 haec
336 3117 495 3172 versatur.
546 3107 627 3182 Esse
652 3104 733 3167 enim
758 3104 874 3188 aliquid
895 3105 926 3167 in
947 3119 1060 3171 nostro
1084 3129 1135 3169 ar·

124 3211 240 3288 bitrio,
274 3211 348 3273 hinc
373 3208 465 3272 etiam
491 3208 601 3294 colligi
625 3220 752 3290 potest,
777 3207 814 3283 ¹si
833 3209 929 3272 modo
952 3207 984 3270 in
1006 3209 1136 3273 eviden-
1206 3207 1209 3215 ‘

119 3316 209 3378 'tibus
233 3311 515 3376 demonstrationes
542 3313 740 3374 adducendae
763 3321 853 3387 sunt,
888 3295 1023 3392 primum
1051 3314 1138 3394 quod

123 3419 202 3480 nihil
231 3439 342 3481 eorum
372 3435 452 3499 quae
485 3429 503 3476 a
538 3426 649 3478 natura
678 3413 849 3498 praecipuo
880 3414 979 3490 fiunt,
1017 3414 1137 3478 frustra

123 3521 205 3584 liat:
243 3520 275 3583 in
300 3519 479 3582 hominibus
503 3528 605 3579 autem
636 3529 683 3580 est
712 3516 901 3581 consultatio
931 3517 1135 3595 naturaliter,

124 3636 156 3686 ct
174 3621 380 3705 praecipuum
400 3620 493 3684 etiam
510 3630 641 3694 natiuae
659 3641 739 3702 opus
760 3619 925 3702 (siquidem
945 3641 981 3682 ea
1003 3620 1138 3684 maximo

124 3727 255 3796 ,ridetur
284 3728 382 3788 homo
415 3747 433 3787 a
464 3722 593 3808 reliquis
623 3722 828 3800 animantibus
863 3721 978 3786 distare
988 3707 1012 3802 ,)
1043 3735 1139 3788 ,certe

122 3831 246 3895 frustra
265 3840 297 3891 et
311 3841 429 3890 temere
448 3825 533 3890 facta
551 3817 626 3901 erit,
651 3824 678 3887 si
699 3827 879 3890 consultans
900 3825 978 3890 nihil
998 3847 1039 3888 ex
1058 3847 1140 3890 con-¹

124 3931 196 3994 silio
220 3931 338 4015 eligere
359 3941 481 4012 potest.
524 3931 650 3991 Verum
673 3939 821 4010 tanquam
842 3929 875 3992 id
893 3929 925 3991 in
946 3941 1056 3994 nostra
1078 3950 1142 4012 poa

125 4045 239 4097 testate
262 4033 320 4110 sit,
360 4053 418 4096 nos
448 4031 508 4116 ipsi
534 4032 688 4096 derebus
712 4030 805 4132 nobis
831 4031 959 4115 agendis
981 4031 1140 4114 consulta·

802 4133 843 4194 lt)
