2782 4790
269 393 309 454 86

268 559 368 627 τοῦτο
389 559 540 648 ἔχοντας,
567 552 593 624 6
615 561 671 624 καὶ
692 557 762 634 τοῖς
782 551 938 672 ἀλλοις’
917 548 1109 640 ἀγαπητόν,
1145 556 1174 622 εἰ
1194 545 1279 642 μετά

209 719 213 726 .
268 658 420 748 καμάτου
431 663 558 752 παρείη,
572 658 631 727 τὸν
646 655 748 726 ἀυτὸν
759 654 915 784 τρόπον,
914 661 942 724 ἐι
957 660 1011 736 ⁹³)
1020 661 1076 722 καὶ
1086 654 1137 723 ἔτι
1149 659 1279 777 μᾶλλον

269 767 401 833 ἐπὶτῶν
422 760 547 853 ἀρετῶν
566 763 739 850 ἐποιοῦμεν
759 757 818 840 ἀν,
844 762 874 827 ἐι
896 746 983 842 ἦσαν
1000 762 1035 826 ἐκ
1056 754 1189 852 φύσεώς
1210 781 1280 826 τισι

268 869 453 958 παροῦσαι,
475 858 554 957 ὅπερ
582 861 696 953 ἀμέλει
715 866 873 951 ποιοῦμεν
894 864 1027 930 ἐπὶτῶν
1051 863 1154 929 θεῶν.
1192 857 1282 928 Ἐπεί

269 973 305 1038 δὲ
326 964 528 1038 ἀδύνατονί
509 973 588 1056 ημίν
607 969 725 1048 τοῦτο,
746 973 802 1034 καὶ
823 962 920 1033 οὐδὲν
936 960 1107 1036 ἀδύνατον
1117 965 1171 1029 δεῖ
1186 957 1282 1053 παρὰ

269 1073 328 1154 τῆς
342 1068 473 1166 (μύσεως
490 1067 659 1138 ἀπαιτεῖν·
680 1065 779 1152 (άότη
800 1065 865 1159 γὰρ
887 1069 1016 1160 δυνατῷ
1030 1071 1141 1134 τεκαὶ
1160 1060 1285 1133 ἀδαπά-

270 1201 315 1267 τῳ
336 1179 480 1266 μέτρον
522 1169 688 1255 τελειότης
707 1180 767 1262 μὲν
787 1170 852 1262 γάρ
873 1165 895 1254 6
916 1167 1035 1261 ἀρετὴ,
1063 1163 1157 1237 καὶ
1138 1197 1159 1251 η
1180 1163 1284 1259 ἀκρό

268 1304 329 1361 της
354 1279 412 1360 τῆς
434 1273 558 1355 οἰκείας
578 1271 709 1370 φάσεως
733 1270 894 1356 ἑκάστου)
922 1268 1087 1342 ἀδύνατον
1108 1274 1144 1339 δὲ
1170 1266 1283 1350 ἀτελές

270 1405 304 1449 τι
326 1379 364 1449 ίίν
386 1384 429 1452 ἐν
435 1375 668 1460 τελειότητι’“
635 1403 740 1460 ειναι,
762 1374 874 1456 ἀτελές
891 1380 928 1444 δὲ
949 1372 988 1443 τὸ
1008 1371 1181 1464 γενόμενον
1195 1370 1284 1442 ἐυθῦ

270 1484 317 1576 τῷ
333 1487 496 1570 γενέσθαι
518 1483 580 1562 ”),
601 1476 679 1547 οὐδὲ
701 1429 761 1562 νῦν
777 1476 896 1571 ἀρετὴν
911 1475 983 1547 ὁῖόν
997 1503 1031 1546 τε
1049 1479 1096 1571 τῷ
1110 1473 1283 1570 ἀνθρώπῳ

271 1587 443 1676 συμφῦναι
465 1581 519 1665 ”).
565 1579 611 1650 06
626 1586 738 1670 μέντοι
751 1583 797 1665 ”)
820 1579 1012 1671 ἀσύμβολος
1029 1577 1050 1663 6
1070 1577 1172 1676 φύσις
1193 1577 1285 1673 ἀντῷ

270 1685 354 1777 πρὸς
380 1685 440 1768 τὴν
459 1686 574 1769 κτῆσιν
598 1682 718 1768 ἀυτῆς,
739 1682 809 1753 ἀλλ’
833 1685 897 1774 ἔχει
918 1681 993 1777 παρ’
1022 1681 1125 1767 ἀυτῆς
1145 1679 1286 1772 δύναμιν

272 1814 307 1856 τε
332 1795 388 1856 καὶ
410 1785 657 1872 ἐπιτηδειότητα
686 1785 834 1871 δεκτικὴν
862 1786 983 1871 ἀυτῆς,
1026 1783 1069 1870 ἣν
1097 1785 1192 1856 οὐδὲν
1223 1787 1287 1856 τῶν

272 1889 383 1958 ἄλλων
404 1887 493 1974 ζώων
510 1893 591 1981 ἔχει,
614 1897 670 1959 καὶ
684 1887 852 1974 διὰῑτὴνδε
869 1889 929 1973 τὴν
948 1888 1090 1979 δύναμιν
1111 1886 1129 1958 6
1145 1888 1285 1982 ἄνθρω·

273 2018 335 2072 noc
351 1995 417 2063 τῶν
430 1992 542 2064 ἀλλων
562 1990 651 2077 ζώων
672 1991 772 2088 φύσει
789 1997 956 2089 διαφέρει,
988 1995 1044 2060 καί
1065 2019 1118 2061 τοι
1139 1995 1205 2061 τῶν
1226 1991 1286 2060 άλ-

274 2099 339 2164 λιον
356 2093 446 2179 ζώων
463 2092 722 2185 ἀπολειπόμενος
738 2101 772 2166 ἐν
789 2103 861 2177 τοῖς
876 2104 1077 2185 σωματικοῖς
1092 2091 1285 2178 πλεονεκτη·

275 2223 389 2288 μασιν.
427 2195 485 2267 ’Ec
505 2206 566 2289 μὲν
587 2197 646 2268 ὀῦν
664 2196 769 2279 ὁότως
786 2203 911 2289 ε’ίχομεν
932 2199 975 2282 ’3)
1004 2195 1080 2287 παρ’
1103 2196 1207 2282 ἀυτῆς
1227 2197 1287 2282 τὴν

275 2297 417 2391 δύναμιν
440 2299 501 2384 τὴν
525 2304 590 2370 τῶν
616 2299 741 2393 ἀρετῶν
766 2300 931 2386 δεκτικὴν,
967 2298 1011 2382 ὡς
1036 2298 1208 2395 προϊόντες
1231 2308 1288 2371 καί

276 2400 495 2525 τελειρῦμενοι
516 2409 573 2472 καί
592 2401 717 2526 ταύτην
740 2402 936 2495 λαμβάνειν,
969 2402 1013 2485 ὡς
1034 2402 1073 2473 τὸ
1090 2412 1289 2498 περιπατεῖν,

277 2501 322 2585 τίς
341 2504 381 2574 τό
404 2503 561 2589 ὀδόντας,
597 2504 640 2588 ὡς
660 2505 700 2574 τὸ
724 2513 832 2596 γένεια
849 2505 967 2604 φύειν,
999 2499 1043 2588 ὥς
1066 2506 1150 2576 6660
1167 2535 1201 2578 τι
1227 2511 1292 2578 τῶν

277 2605 564 2732 ἒιτιγινομένρν’
545 2616 624 2731 ημῖν
654 2610 741 2679 κατὰ
768 2609 890 2705 φύσιν,
931 2605 1070 2680 οῦν)Μ
1030 2637 1136 2692 ουτως
1169 2609 1211 2681 ἀν
1239 2608 1288 2706 ἐφ’

277 2706 356 2800 ἡμῖν
380 2679 475 2794 ἦσαν
499 2717 534 2780 αἱ
562 2710 694 2804 ἀρεταὶ,
732 2708 838 2807 ὥσπερ
863 2711 940 2782 οῦδὲ
965 2716 1030 2782 τῶν
1050 2720 1292 2807 προειρημένων

278 2819 330 2880 τί·
352 2816 419 2882 ἐπεὶ
439 2818 477 2882 δὲ
497 2843 544 2904 μη
530 2807 607 2898 ¹⁴)
628 2819 747 2886 τοῦτον
767 2815 825 2886 τὸν
845 2813 969 2937 τρόπον
990 2814 1096 2897 άυτάς
1113 2814 1286 2905 κτώμεθα,

279 2917 308 2984 ἐι
337 2906 450 3010 γάρ
429 2944 471 3001 ην
492 2910 588 3001 ¹⁵6⁰
562 2943 668 3043 ωσπερ
689 2917 734 2988 τά
747 2918 856 3003 ἀλλα,
884 2917 970 2988 όίτω
995 2924 1109 2989 δὲκαὶ
1130 2916 1293 3014 φρόνησίς

279 3043 315 3087 τε
339 3017 439 3088 καὶ
418 3019 519 3113 αρετὴ
544 3029 614 3110 τοῖς
636 3019 832 3116 ἀνθρώποις
857 3025 1013 3110 συγγενῆ,
1043 3019 1163 3103 πάντες
1183 3022 1242 3107 ἀν,
1271 3021 1294 3107 6

280 3117 351 3210 ὁίγε
372 3127 538 3206 πλεῖστοι,
570 3099 678 3218 ίίσπερ
702 3128 767 3195 τῶν
789 3124 898 3194 ἀλλων
918 3124 1006 3196 κατά
1030 3121 1151 3219 φῦσιν,
1186 3124 1295 3197 άυτιῦν

282 3221 474 3316 τυγχάνοιεν
495 3223 559 3310 ¹⁸),
592 3224 670 3296 οὐδὲ
694 3225 755 3310 τὴν
779 3225 918 3317 δύναμιν
937 3225 998 3312 τὴν
1021 3225 1071 3312 ’7)
1091 3231 1156 3299 τῶν
1170 3226 1296 3324 ἀρετῶν

281 3325 434 3412 δεκτικὴν
447 3324 568 3417 μόνην,
590 3327 676 3399 ἀλλὰ
697 3337 753 3398 καὶ
774 3329 834 3411 τὰς
855 3328 975 3424 ἀρετάς
995 3329 1100 3412 ἀστὰς
1119 3329 1195 3426 παρ’
1215 3335 1295 3402 ἐκεί·

280 3455 339 3514 νης
360 3429 403 3499 ἀν
424 3435 549 3523 ἐίχομεν
570 3432 634 3517 ”),
656 3441 712 3502 καὶ
730 3431 826 3503 οὐδὲν
842 3432 910 3504 066³
929 3432 1034 3515 ὁότως
1055 3431 1097 3504 ίίν
1118 3437 1183 3505 ἔδει
1203 3439 1297 3506 ἕποι’·

282 3531 385 3617 νυνί)
409 3532 527 3628 ψόγων
548 3533 570 3620 6
594 3535 683 3617 τινὸς
704 3535 959 3621 τῶντοιούτων,
994 3540 1045 3608 ἐπὶ
1062 3543 1099 3607 δὲ
1119 3546 1195 3619 ταῖς
1219 3537 1297 3633 ἀρε-

284 3642 358 3716 ταῖς
378 3659 413 3705 τε
434 3646 490 3706 καὶ
511 3641 642 3720 κακίαις
658 3646 838 3735 θειοτέραν
854 3638 1025 3736 πρόφασίν
1045 3668 1080 3710 τε
1102 3649 1161 3711 καὶ
1179 3639 1297 3712 οῦσίαν

250 3819 253 3826 ¹
285 3741 344 3822 τῆς
367 3743 553 3863 παρουσίας
573 3740 681 3812 ἀυτῶν
702 3748 826 3836 ε’ίχομεν
847 3744 902 3828 ¹9).
940 3741 1029 3814 Ἐπεί
1051 3750 1087 3814 δὲ
1109 3743 1168 3837 οὐχ
1191 3744 1296 3826 ὁότως

286 3842 366 3932 ἔχει,
389 3840 428 3911 οῦ
449 3842 515 3937 γὰρ
537 3843 615 3926 τοῦς
634 3842 779 3931 πάντας,
801 3845 877 3918 οὐδὲ
891 3847 970 3930 τοῦς
982 3845 1186 3930 πλείστους
1169 3853 1297 3943 ορῶμεν

284 3945 346 4026 τάς
366 3942 486 4038 ἀρετὰς
507 3949 657 4039 ἔχοντας,
679 3943 699 4018 6
721 3955 786 4021 τῶν
806 3949 894 4020 κατά
915 3949 1018 4046 φύσιν
1039 3957 1214 4042 γινομένων
1237 3979 1296 4036 ση-
