2782 4790
1070 431 1127 493 tut

119 609 188 650 mus
223 587 255 649 id
287 605 346 669 per
379 587 552 650 Fortunam
579 589 696 652 factum
724 611 804 653 essa.
871 593 1018 658 Fodienti
1046 598 1128 666 enim
1221 653 1223 660 ,

120 711 233 774 agrum
256 709 297 752 ex
318 691 489 812 proposito
515 691 674 772 plantandi
703 693 827 778 gratia,
866 697 893 759 si
920 719 961 760 ex
987 699 1128 787 fossione

119 804 269 860 oecurrat
290 766 430 856 thesauri
452 794 611 857 alieuius
602 796 759 872 mventio‚
793 818 812 858 a
833 799 977 863 Fortuna
999 779 1128 869 dicimus

117 896 331 961 inventionem
353 897 493 958 thesauri
512 897 628 959 saetam
650 919 737 962 esse·
762 921 826 964 nou
848 914 951 972 tamen
974 905 1128 966 aFortu

118 1021 169 1074 ua,
195 998 222 1061 si
244 993 316 1062 eius'
332 984 383 1062 rei
403 1021 496 1062 eausa
516 1000 670 1064 fodiebat.
704 1003 786 1064 Tum
806 1004 886 1068 enim
908 1027 972 1068 non
993 1027 1053 1087 per
1075 1027 1129 1069 aea

118 1102 226 1164 cidens
258 1103 327 1184 ipsa
363 1103 464 1166 sossio
497 1102 687 1174 inventionis
725 1105 864 1168 thesauri
900 1129 993 1180 eausa
1024 1121 1125 1188 esset,
1192 1180 1195 1192 ,

116 1207 379 1288 quemadmodum
402 1227 504 1288 neque
525 1205 594 1287 ipsa
615 1205 791 1298 plantatio:
815 1229 898 1274 nnnc
913 1231 991 1274 vero
1007 1224 1054 1274 est
1069 1233 1127 1293 per

115 1309 281 1382 accidens3
319 1329 383 1372 uon
406 1308 487 1371 enim
510 1309 600 1373 huius
623 1308 670 1370 rei
700 1309 802 1394 gratia
831 1311 939 1376 fiebat.
984 1314 1128 1386 Fortuna

114 1411 215 1496 igitur
238 1413 338 1474 estid
360 1415 447 1494 quod
471 1433 512 1476 ex
533 1401 704 1500 propositi)
727 1425 758 1475 et
779 1414 944 1482 voluntate
966 1415 1019 1490 fit,
1054 1438 1127 1487 enm

113 1536 210 1577 eausa
239 1515 367 1578 alieuius
400 1515 448 1578 rei
475 1516 530 1578 fiat
562 1536 621 1596 per
653 1515 814 1590 aeciden53
862 1515 1015 1581 indefiniti
1044 1518 1126 1590 euim

112 1637 242 1699 semper
264 1639 357 1682 eausa
384 1631 443 1682 est.
488 1619 590 1702 Atqui
616 1619 659 1680 ita
687 1618 719 1682 id
747 1621 835 1702 quod
863 1619 991 1684 alieuius
1022 1622 1126 1706 gratia

112 1721 167 1796 fit,
193 1721 264 1782 fieri
285 1722 426 1802 poterit,
462 1735 494 1787 et
516 1723 576 1784 erit
598 1724 742 1787 Fortuna
766 1745 858 1786 eausa
879 1745 939 1806 per
960 1725 1123 1802 accidens,

111 1847 178 1886 non
201 1823 387 1906 simpliciter
409 1837 528 1902 tamen,
554 1824 661 1892 sedin
684 1825 858 1902 effectivis,
893 1849 972 1910 quae
995 1829 1124 1892 alieuius

109 1928 158 1992 rei
188 1928 292 2013 gratia
325 1928 424 2004 fiunt,
463 1939 494 1990 et
526 1949 605 2011 quae
638 1951 679 1990 ex
705 1930 882 2011 'proposito
911 1931 1002 1994 fiunt.
1047 1934 1123 1996 Nou

110 2032 195 2094 enim
219 2031 349 2094 dicimus
380 2051 403 2096 a·
425 2031 608 2102 Fortuna
635 2032 725 2094 iniis
749 2054 828 2114 quae
851 2055 868 2096 a
890 2036 1120 2112 naturalium,
1185 2089 1187 2092 .

52 2130 55 2137 ’
109 2135 238 2218 quoties
262 2134 345 2196 aliud
373 2134 447 2216 quid
476 2143 603 2216 praeter
631 2146 761 2199 naturae
790 2156 923 2216 scopum
954 2137 1120 2220 gignatur,

108 2252 143 2301 ut
166 2249 322 2302 monstra.
380 2237 580 2317 Quinetiam
601 2257 641 2299 ne
662 2235 693 2299 in
715 2237 752 2300 iis
784 2237 926 2321 quidem,
965 2261 1119 2322 quortun,

108 2354 191 2425 quae
214 2361 254 2405 ex
276 2353 344 2402 arte
365 2341 466 2417 fiunt,
491 2361 602 2413 causae
623 2362 682 2422 per
704 2341 846 2404 accidens
862 2342 962 2418 fiunt,
987 2354 1022 2404 ut
1036 2365 1070 2414 v,
1088 2365 1119 2418 e,

107 2443 139 2506 in
164 2443 383 2516 dissonantiis3
420 2465 522 2528 neque
549 2445 581 2518 in
609 2443 645 2506 iis
679 2444 806 2526 inquam
843 2445 987 2508 Fortuna
1025 2467 1118 2522 eausa

108 2561 169 2610 est.
217 2549 363 2613 Fortuna
384 2545 481 2630 igitur
503 2559 551 2608 est
572 2547 603 2610 in
625 2547 663 2610 iis
686 2569 766 2630 quae
785 2569 826 2610 ex
841 2549 1011 2628 proposito
1026 2550 1118 2614 fiunt.
1176 2631 1177 2634 Ἴ

108 2651 245 2730 Quoties
278 2649 383 2732 itaque
409 2651 442 2712 id
475 2653 562 2732 quod
591 2671 631 2712 ex
659 2650 830 2732 proposito
863 2649 899 2711 fit
922 2651 1049 2714 alieuius
1071 2646 1120 2727 rei

107 2755 210 2816 laetae
233 2765 264 2814 et
284 2751 385 2816 felicis
416 2775 509 2817 earrsa
537 2773 596 2835 per
625 2753 775 2829 accidens*
797 2755 915 2832 fuerit,
954 2767 988 2819 ut
1015 2756 1118 2822 fossio

106 2855 299 2932 inventionis
332 2857 493 2933 thesauri3
537 2859 653 2926 bonam
688 2857 849 2930 fortunam
884 2859 917 2921 id
949 2880 1117 2933 vocamus3

106 2981 181 3021 eum
203 2959 252 3020 rei
273 2958 371 3021 malae
392 2970 486 3020 carisa
508 2957 682 3036 exstiterit,
716 2959 946 3036 infortunium,
977 2963 1063 3027 velut
1092 2963 1118 3026 si

106 3063 179 3145 quis
202 3062 284 3124 inter
308 3063 490 3133 fodiendum
519 3064 558 3124 ab
588 3063 694 3145 aliquo
723 3075 870 3144 serpente
891 3062 972 3132 ictus
1001 3065 1114 3143 fuerit,
1196 3105 1199 3117 ·

106 3165 163 3248 qui
184 3165 268 3238 inter
289 3164 472 3228 fodiendum
494 3166 639 3228 inventus
661 3165 718 3241 sit,
744 3187 815 3242 eum
838 3165 1002 3250 alioquiis
1025 3165 1115 3232 loeus

106 3267 347 3348 aserpentibus
370 3267 511 3330 infestari
532 3289 594 3334 non
617 3269 757 3332 soterem
796 3269 823 3330 si
844 3269 947 3346 enim,
979 3293 1049 3340 eum
1071 3268 1115 3334 ihi

105 3382 191 3436 esset
213 3370 405 3451 serpentium
426 3370 536 3451 eopia,
561 3371 612 3436 hie
633 3371 862 3450 inconsiderate
886 3373 1025 3448 foderit,
1050 3395 1115 3436 nou

106 3486 155 3536 est
178 3473 322 3536 Fortuna
343 3475 422 3544 ictus
448 3475 563 3536 horum
591 3495 705 3552 eausa,
744 3477 800 3536 sed
827 3473 909 3538 illius
936 3475 1114 3557 improvida

106 3576 280 3652 temeritas.
332 3578 375 3640 Et
405 3579 563 3644 Fortuna
581 3577 705 3659 quidem
742 3577 895 3640 eiusmodi
925 3600 1020 3646 causa
1053 3593 1112 3644 est.

108 3679 211 3744 Casus
235 3691 338 3742 autem
361 3680 442 3783 solet
464 3680 556 3746 etiam
578 3679 610 3742 in
632 3680 687 3755 iis,
727 3701 807 3763 quae
830 3703 848 3746 a
871 3683 1013 3748 Fortuna
1035 3683 1114 3749 fiunt

106 3782 300 3866 praedicari,
340 3765 543 3848 veruntamen
576 3782 681 3867 potius
713 3783 745 3846 in
778 3786 872 3848 rebus
906 3785 1111 3858 naturalibus

108 3885 243 3967 Quoties
265 3885 346 3948 enim
368 3885 414 3948 rei
437 3907 515 3970 qrrae
538 3899 648 3952 natura
669 3885 722 3960 fit,
749 3886 832 3948 aliud
853 3888 930 3970 quid
951 3901 1109 3968 occurrat

55 4029 59 4041 ι
105 4011 171 4056 uon
193 3989 248 4065 id,
264 3988 367 4062 ¹onius
397 3990 498 4072 gratia
526 3989 649 4066 fiebat„
672 4000 842 4064 attenuere
863 4002 894 4051 et
917 4013 990 4054 casu
1012 3991 1045 4052 id
1063 3993 1113 4056 fa·
