2828 4792
240 415 280 480 λλ

238 585 383 673 υιίμινον
410 585 502 664 τέλος
530 579 606 677 ὁδῷ.
659 579 764 652 Ἀλλά
788 587 845 650 καὶ
873 578 915 650 τά
936 579 1033 650 ποτά
1059 577 1158 669 λόγον
1176 579 1180 586 ’
1200 581 1244 662 15)
1299 569 1319 594 ”

236 683 393 811 γινόμενα
420 682 554 784 16)έχει
581 711 615 755 τι
639 687 748 770 τέλος),
791 682 888 756 οὐδέν
905 683 972 814 γάρ
1001 681 1045 765 ὡς
1063 684 1154 774 έτυχυ
1182 687 1247 752 τῶν

236 790 326 860 κατά
351 787 451 879 λύγον
467 793 645 912 γινομένων
672 790 812 877 γίνεται,
852 786 964 857 ἀλλ”
949 790 1000 857 επέ
1024 813 1100 857 τινα
1123 785 1248 856 σκοπὸν

235 889 455 1015 ἡάναφορά
461 895 563 961 πᾶσιν
590 889 714 974 άυτοῖς.
761 889 876 961 Εστι
889 891 933 974 ¹⁷)
968 895 1005 959 δέ
1034 888 1121 959 κατά
1147 886 1247 978 λόγον

234 993 410 1086 γινόμενα,
435 988 500 1065 ὅσα
527 991 592 1064 ύπό
618 997 684 1064 τῶν
702 991 886 1066 ποιούντων
910 992 999 1064 άυτά
1016 995 1157 1082 γίνεται,
1190 997 1252 1060 λο-Ι

235 1101 412 1188 γιζομένων
438 1124 473 1168 τι
497 1104 571 1192 περὶ
591 1096 699 1168 άυτῶυ
733 1104 788 1166 καὶ
810 1102 1051 1180 συντιθέντων,
1093 1093 1174 1164 καθ
1207 1121 1247 1164 ον

234 1199 277 1272 άν
301 1197 426 1328 τρύπον
450 1205 579 1291 γένοιτο
603 1202 657 1285 ¹⁸).
696 1197 800 1270 τθέτω
823 1202 949 1332 γίνεται
970 1196 1014 1268 τά
1030 1226 1065 1269 τι
1090 1197 1178 1268 κατά
1201 1201 1247 1282 ’9)

234 1302 295 1386 τάς
320 1309 435 1395 τέχνας
454 1301 613 1395 γινόμενα
638 1300 748 1372 πάντα
779 1309 836 1372 και
865 1301 954 1372 κατά
982 1304 1195 1425 προαίρεσιν,
1223 1297 1248 1370 ά

233 1411 387 1530 διαφέρει
417 1411 481 1478 τῶν
515 1411 692 1498 γινομένων
727 1401 843 1501 φύσει,
899 1408 947 1498 τῷ
979 1404 1023 1474 τά
1052 1415 1113 1494 μέν
1147 1402 1246 1499 φύσει

232 1508 388 1600 γινόμενα
413 1513 447 1580 έν
467 1507 583 1590 άυτοῖς
609 1509 692 1599 ἔχειν
711 1507 771 1594 τὴν
794 1505 904 1632 άρχην
918 1533 954 1577 τε
977 1515 1034 1578 καὶ
1053 1505 1165 1577 άιτέαν
1188 1511 1247 1592 τῆς
1273 1537 1277 1554 ³

82 1627 87 1642 ⁴
135 1679 139 1687 ,
232 1609 390 1696 τοιαύτης
417 1617 570 1701 γενέσεως
598 1614 774 1694 (τοιοῦτον
793 1611 858 1705 γάρ
883 1608 905 1696 ἦ
929 1609 1050 1705 φύσις)
1080 1617 1138 1679 καλ
1161 1613 1245 1699 γένε-

233 1722 325 1786 σθαι
337 1715 388 1800 ²⁰)
401 1725 462 1805 μὲν
482 1714 571 1784 κατά
584 1712 678 1799 τάξιν
695 1713 787 1800 τινά,
820 1713 859 1784 οὐ
873 1713 940 1804 μὴν
953 1718 1012 1799 τῆς
1025 1711 1185 1798 ποιούσης
1198 1714 1245 1799 ²¹)

231 1816 320 1888 άυτά
340 1815 470 1914 φύσεως
493 1815 709 1918 ύμοὶωςταῖς
728 1824 858 1908 τέχναις
871 1819 1021 1912 λογισμῷ
1041 1824 1114 1910 περ)
1135 1815 1245 1888 άυτῶν

228 1925 405 2015 χρωμένης.
425 1920 476 1989 Τά
487 1923 522 1989 δέ
532 1918 688 2011 γινόμενα
702 1921 788 1990 κατά
801 1927 915 2012 τέχνην
928 1947 964 1990 τι
975 1928 1033 1991 καὶ
1041 1922 1245 2015 προαίρεσιν,

231 2027 357 2108 ἔξωθεν
371 2025 436 2114 ἔχει
449 2021 509 2108 την
523 2022 627 2117 ἀρχὴν
640 2020 810 2108 κινήσεως,
833 2031 889 2093 καὶ
902 2022 963 2108 τὴν
972 2023 1087 2095 ’άιτίαν
1096 2021 1157 2108 τὴν
1169 2049 1244 2092 ποι-

231 2130 336 2197 οὖσαν
343 2181 353 2212 ,
374 2125 443 2197 ἄλλ’
467 2125 527 2198 ὀυιι
548 2129 582 2196 έν
603 2125 728 2207 άυτοῐς.
769 2129 842 2197 Καὶ
862 2130 922 2212 τῆς
935 2133 1087 2216 γενέσεως
1101 2124 1243 2197 άυτῶνὸ

230 2235 292 2300 τού
304 2235 480 2311 ποιοῦντος
493 2228 623 2319 ἡγεῖται
635 2238 709 2323 περ)
730 2227 839 2300 άυτῶν
852 2228 1014 2321 λογισμός
1028 2231 1090 2314 ²²).
1124 2232 1244 2319 Τρίτον

148 2409 153 2422 ,
230 2337 268 2401 δέ
281 2337 370 2403 ἐστιν
384 2337 417 2402 έν
430 2340 502 2413 τοῖς
513 2329 604 2402 ἕνεκά
618 2359 679 2404 του
689 2335 928 2426 γινομένοιςῖὄ)
943 2342 999 2403 καὶ
1008 2333 1052 2403 τά
1066 2331 1133 2402 άπὸ
1143 2329 1243 2423 τύχης

229 2463 264 2506 το
288 2444 345 2506 καλ
367 2432 577 2526 τάυτομάτου
593 2431 640 2518 ²⁴)
667 2438 826 2524 γίνεσθαι
846 2442 1100 2527 πεπιστευμένα,
1134 2433 1241 2532 ταύτῃ

229 2541 294 2614 τῶν
308 2543 559 2631 προηγουμένως
579 2539 628 2631 ²⁵)
650 2534 743 2608 ἕνεκά
756 2566 817 2610 του
829 2546 1007 2629 γινομένων
1020 2544 1240 2633 διαφέροντα,

228 2634 310 2741 ᾖιιέ
328 2646 453 2712 ἐκείνων
466 2637 517 2726 ²⁶)
538 2645 599 2732 μέν
619 2643 686 2712 πάν
705 2640 745 2711 τὸ
760 2642 835 2738 ,πρὸ
855 2648 916 2714 τοῦ
933 2649 1048 2723 τέλους
1067 2639 1241 2731 γινόμενον

228 2749 290 2816 τοῦ
302 2751 416 2826 τέλους
434 2742 534 2838 χάριν
547 2746 692 2833 γίνεται,
714 2749 765 2816 έπλ
786 2751 822 2816 δέ
843 2744 988 2829 τούτων,
1009 2744 1052 2814 τά
1071 2753 1132 2836 μέν
1150 2743 1242 2835 γινό-

227 2875 311 2938 μενα
330 2846 396 2943 πρὸ
416 2851 477 2918 τού
497 2853 611 2930 τέλους
632 2849 736 2920 άλλου
757 2847 855 2945 χάριν
875 2853 1016 2937 γίνεται,
1052 2847 1186 2943 άπαντᾷ
1210 2845 1238 2922 θ
1266 2900 1269 2904 -

228 2951 343 3032 άυτοῑς
356 2949 460 3021 άλλου
472 2948 572 3047 χάριν
581 2958 781 3044 γινομένοις,
804 2950 847 3032 ὡς
861 2957 970 3035 τέλος,
993 2951 1032 3022 τὸ
1043 2951 1239 3046 άντομάτως

228 3081 262 3126 τι
283 3055 332 3140 ²⁷)
349 3060 410 3124 ααλ
430 3052 497 3124 άπὸ
519 3051 617 3146 τύχης
637 3058 797 3145 γάνυσθαι
817 3052 1000 3145 λεγόμενον.

712 3164 753 3231 Ε.

296 3257 430 3332 Τούτων
447 3258 474 3332 ὅ
492 3257 597 3345 ὁύτως
617 3260 756 3353 ἐχόντων
765 3314 775 3346 ,
807 3269 863 3332 καλ
879 3259 1012 3336 πάντων
1031 3268 1095 3336 τῶν
1107 3273 1237 3356 γινομέ-

226 3391 285 3436 νον
299 3369 346 3446 έις
360 3361 499 3447 τούτους
513 3365 592 3446 τούς
612 3360 755 3459 τρόπους
776 3368 805 3449 ¹)
825 3374 1064 3459 νςμομημὲυων,
1096 3366 1236 3440 ἀκύλου-

225 3471 331 3539 θον’
314 3475 366 3538 επ)
388 3464 520 3549 τούτοις
544 3467 643 3550 ἰδεῖν,
665 3471 699 3536 έν
712 3469 795 3536 ποίω
810 3473 900 3555 ²)
854 3498 918 3541 των
931 3475 1108 3556 ποιητικῶν
1122 3471 1237 3544 άιτίων

222 3599 287 3665 χρη
270 3573 443 3641 τιθέναι
460 3569 521 3654 τὴν
536 3573 751 3694 έιμαρμένην,
775 3539 842 3666 άρά
856 3599 892 3663 γε
906 3577 940 3644 έν
954 3583 1024 3656 τοῖς
1034 3575 1167 3658 οὐδενὸς
1183 3605 1236 3666 γε-

224 3679 374 3764 νομένοις
396 3670 513 3766 χάριν,
536 3660 591 3741 Ἦ
607 3677 635 3755 ³)
658 3677 757 3743 τοῦτο
781 3674 1073 3766 μὲνπαντάπασιν
1097 3677 1237 3769 άλογον

225 3775 277 3846 άιλ
296 3775 361 3870 γάρ
385 3779 436 3846 ἐπὶ
459 3779 574 3857 τέλους
605 3776 694 3858 τινὸς
722 3782 769 3873 τῷ
797 3805 855 3864 της
878 3783 1072 3874 ἑιμαρμέιης
1096 3780 1236 3874 ὀνόματι

222 3877 404 3974 χρώμεθα,
442 3874 524 3947 καθ’
555 3881 752 3975 έιμαρμένην
778 3880 861 3952 άυτὸ
889 3889 1036 3973 λέγοντες
1058 3893 1235 3975 γεγονέναι.

229 3982 290 4054 Διὸ
312 3985 443 4063 ἕντοῖς·
456 3977 550 4056 ἕνεκά
566 4007 625 4056 του
648 3989 831 4076 γινομένοις
849 3984 1030 4076 ἀναγκαῖον
1044 3985 1074 4074 ⁴)
1098 3995 1235 4063 τιθέναι
