2828 4792
248 375 340 450 π’

248 573 342 651 quas
364 543 455 626 cuin
480 547 522 626 in
548 551 671 630 almae
695 539 904 650 petiisset
927 546 1085 648 reliquis
1111 549 1253 628 Helve-

246 673 322 748 tiae
342 669 589 750 bibliothecis
614 666 780 770 publicis
808 667 946 742 frustra
973 667 1255 767 quaesivissem,

235 785 317 893 'per
342 790 469 867 literas
492 790 571 866 adii
595 787 812 866 Benekium
832 787 1088 863 Professorem
1109 789 1258 867 Gottin-

248 936 428 1009 gensem,
473 910 541 1010 qui
582 909 643 988 vir
683 907 979 984 humanissimus
1017 920 1056 984 et
1092 908 1169 984 iam
1208 909 1257 986 de

244 1031 428 1131 Epistolis
440 1029 655 1124 Socraticis,
682 1031 895 1104 Memnone
909 1018 1258 1121 Heracleota,aliis-

152 1159 159 1174 ‘
250 1174 327 1249 que
358 1161 384 1228 a'
409 1175 472 1226 me
505 1149 644 1226 curatis
673 1149 909 1224 Graecorum
934 1149 1164 1250 scriptorum
1181 1149 1258 1230 edi·

248 1268 420 1346 tionibus
454 1269 599 1370 optime
631 1269 788 1344 meritus
814 1268 925 1346 brevi
956 1268 1059 1344 misit
1087 1267 1259 1343 collatio·

247 1412 340 1465 nem
365 1389 567 1488 utriusque
599 1387 765 1464 Aldinae
791 1413 881 1462 cum
917 1387 1087 1464 editione
1116 1389 1260 1463 Londi-

246 1509 358 1583 nensi
375 1507 656 1583 accuratissime
673 1507 812 1582 factam
833 1533 855 1580 a
877 1505 1031 1582 duobus
1057 1506 1261 1582 Seminarii

248 1627 480 1725 Philologici
512 1626 717 1700 sodalibus.
766 1624 991 1700 Editionem
1022 1627 1078 1699 Io.
1105 1624 1260 1720 Caselii,

248 1746 316 1844 qui
338 1746 400 1822 vir
426 1744 601 1821 doctrina
623 1757 661 1820 et
684 1744 863 1819 acumine
882 1747 1034 1845 pollens
1050 1748 1137 1820 loca
1154 1747 1262 1820 haud

249 1887 369 1964 pauca
389 1865 614 1941 emendavit·
631 1863 792 1960 egregie,
820 1864 1020 1938 Rostochii
1035 1864 1128 1941 1588
1137 1864 1262 1941 forma

249 1996 384 2094 quarta
409 2008 588 2059 excusam
609 1984 799 2058 benevole
821 2007 975 2058 mecum
1001 1983 1262 2060 communica-

250 2114 327 2176 tam
340 2129 363 2176 a
376 2102 581 2178 Frederico
596 2100 804 2194 Creuzer0,
822 2101 919 2181 Viro
938 2103 1171 2197 doctissimo,
1181 2104 1263 2204 ipse

252 2221 401 2296 contuli
435 2246 527 2296 cum
557 2203 636 2295 una
667 2247 782 2318 quam
808 2219 889 2319 ipse
914 2222 1154 2320 possidebam
1185 2222 1262 2298 edi·

249 2341 354 2414 tione
376 2338 616 2414 Londinensi
644 2335 740 2412 1658
766 2337 947 2438 impressa
965 2340 1072 2441 *typis
1088 2341 1262 2418 Thomae

250 2458 446 2560 Roycrost.
483 2458 585 2532 Usus
616 2483 701 2531 sum
731 2457 844 2532 etiam
873 2457 1074 2558 Capitibus
1100 2459 1264 2536 Alexan·

250 2577 309 2651 dri
335 2601 433 2676 quae
460 2601 548 2650 oum
579 2576 812 2651 lectionibus
837 2577 886 2651 ab
913 2577 1023 2652 editis
1048 2577 1157 2652 haud
1172 2601 1260 2654 raro

56 2817 61 2826 f
184 2777 187 2782 Ι
249 2818 322 2905 περὶ
344 2813 551 2903 ἑιμαρμὲνης.
576 2811 720 2877 Venetiis
743 2834 795 2896 ap.
819 2779 938 2877 Aldum
961 2813 1056 2878 1534.
1079 2811 1173 2877 solio.
1189 2813 1259 2880 Po·

109 2973 114 2984 ,
204 2999 206 3002 .
252 2916 395 2982 sterioris
418 2927 540 2980 autem:
571 2910 753 3004 Ζητὴματα
770 2909 988 3006 Ἀλεξάνδρου
1010 2911 1153 3008 φυσικὰ,
1178 2923 1263 3008 ,περὶ

249 3021 379 3112 ψυχῆς,
416 3013 641 3110 Μετάφρασις
663 3020 697 3086 ἐκ
723 3018 787 3086 τῶν
812 3017 1005 3106 Λαμασκὶου
1028 3019 1074 3097 ἐις
1095 3013 1154 3086 τὸν
1174 3021 1263 3111 πρῶ·

251 3146 309 3189 τον
329 3126 402 3212 περὶ
425 3117 569 3212 οὐρανοῦ
589 3121 730 3208 βιβλίον.
780 3115 940 3208 Ἐπιτομὴ
974 3118 1108 3210 σχολικὴ
1143 3123 1189 3202 ἐις
1219 3120 1265 3190 τὰ

251 3227 272 3290 δ
291 3223 406 3316 πρῶτα
428 3229 483 3291 καὶ
505 3219 544 3291 τὸ
567 3251 588 3306 η
610 3228 682 3311 περὶ
705 3223 846 3316 φυσικῆς
867 3222 994 3309 βιβλία.
1044 3219 1263 3316 Θεοφράστου

252 3331 325 3418 περὶ
346 3321 541 3409 &radiosus
561 3327 713 3429 sterilior,
735 3327 944 3414 Πρισκιανοῦ
959 3323 1075 3395 Aleon
1090 3321 1263 3421 μετάφρα-

253 3453 306 3508 σις
327 3430 389 3498 τῶν
416 3422 638 3523 Θεοφράὰέου
666 3432 738 3518 περὶ
766 3423 970 3511 scodrinens-
1014 3430 1147 3495 Venetis
1177 3432 1260 3514 typis

254 3533 329 3598 Aldi
350 3545 381 3598 et
405 3533 538 3596 Asulani
561 3532 739 3598 1536.s01.
785 3533 849 3596 Sed
877 3532 909 3595 in
934 3532 1168 3616 exemplaribus
1192 3555 1260 3598 om·

254 3635 364 3717 nibus,
395 3657 475 3720 quae
498 3660 568 3701 cum
591 3635 774 3714 Fabricius,
799 3649 865 3699 tum
888 3635 1085 3700 doctissimus
1110 3636 1261 3701 Blochius

257 3739 404 3821 inspexit,
429 3741 534 3804 insunt
554 3751 674 3804 tantum
690 3737 865 3804 Alexandri
881 3737 1088 3832 Q'uaestiones
1105 3739 1261 3820 Physicne

255 3865 324 3905 cum
346 3843 430 3907 libro
455 3846 492 3907 de
515 3843 616 3922 Fato,
649 3842 770 3908 omissis
792 3841 920 3926 reliquis
944 3864 1024 3927 quae
1047 3832 1159 3908 titulus
1181 3865 1260 3926 pro·

257 3945 395 4009 miserat.
1157 3950 1160 3960 '
