2828 4792
1105 471 1142 534 51

137 627 178 694 ea
196 630 429 714 approbatione
444 645 551 698 seouta
560 633 717 703 nationem
731 637 824 717 atque
839 636 998 702 iudicium.
1023 623 1144 720 sponte

137 733 220 798 enim
251 746 423 817 operantur
451 747 483 824 et
514 737 833 806 caetereaninantia
861 761 942 823 quae
972 753 1145 824 operantur

135 841 310 904 sonandum
333 840 506 906 motionem
529 841 686 924 appetitam
716 854 747 906 et
775 843 1037 926 approbationem
1064 866 1145 928 miae

135 953 184 1008 eet
199 943 232 1007 in
250 943 342 1025 ipsis.
388 945 494 1026 Quane
509 945 659 1029 quicquid
672 945 772 1011 libere
787 947 841 1024 fit,
864 948 947 1014 idem
963 959 994 1012 et
1008 961 1143 1032 sponte:

136 1055 168 1110 at
191 1068 258 1112 non
279 1058 392 1114 contra
414 1037 564 1131 qniiequid
585 1061 699 1130 sponte
719 1049 777 1130 iit,
801 1049 834 1114 id
855 1051 990 1114 liberum
1012 1063 1059 1114 est
1084 1073 1145 1116 no·

131 1161 283 1234 atraeque
299 1149 478 1232 potestatis.
523 1151 604 1216 Nam
623 1163 738 1233 sponte
761 1155 849 1235 quod
869 1153 1005 1220 efficiunt
1022 1166 1054 1218 et
1073 1175 1144 1220 cae·

136 1264 205 1316 tera
228 1251 417 1330 animanda,
448 1253 504 1318 ubi
526 1265 700 1336 operantur
722 1275 759 1318 ea
775 1255 916 1320 motione
937 1257 1094 1338 appetitus
1113 1269 1145 1322 et

135 1355 391 1439 approbatione,
408 1357 498 1440 'quae
518 1369 568 1420 eat
584 1357 667 1422 iutra
682 1355 775 1439 ipaa;
808 1369 840 1424 at
857 1357 890 1424 in
908 1380 966 1422 sua
988 1369 1146 1440 potestate

136 1451 256 1522 haber'e
281 1481 362 1542 quae
382 1459 495 1537 faeiat,
519 1459 552 1524 id
573 1482 654 1526 vero
675 1460 811 1526 hominis
836 1461 1017 1546 proprium.
1063 1464 1145 1530 Nam

136 1583 175 1628 eo
190 1561 265 1646 ipso
282 1573 332 1626 est
346 1562 479 1628 rationis
492 1563 671 1646 particeps,
696 1567 783 1648 quand
802 1565 834 1630 in
856 1587 890 1630 ee
912 1567 1027 1646 babeat
1044 1566 1146 1632 natio·

136 1687 209 1735 nem
220 1659 365 1732 uberum
381 1687 461 1752 quae
476 1666 538 1749 ipsi
550 1667 708 1745 accidunt,
733 1661 939 1755 omniumque
949 1671 1156 1754 agendoutm.

137 1780 168 1832 et
190 1791 257 1836 non
278 1770 476 1854 agendorum
492 1768 625 1838 iudicem
651 1783 684 1834 et
697 1771 917 1852 repertricem.
962 1773 1070 1854 Quare
1086 1773 1145 1840 alia

137 1871 264 1958 qrsidem
286 1871 470 1950 manuue,
505 1894 586 1959 quae
608 1873 781 1940 visionibus
805 1874 882 1940 solis
903 1887 1034 1960 pareat,
1072 1877 1145 1942 inde

138 1976 257 2040 babent
277 1995 387 2042 causas
405 1987 471 2040 tum
494 1977 754 2060 approbationis,
778 1989 846 2042 nim
868 1979 1025 2066 appetitus
1048 2001 1083 2046 se
1107 1983 1147 2048 ad

138 2077 359 2162 operationem
381 2078 552 2145 moventis.
586 2081 708 2146 'Homo
731 2101 811 2144 vere
833 2081 1065 2148 adventantium
1083 2083 1145 2166 ipsi

140 2181 337 2250 extrinsecus
388 2182 547 2268 visionum
591 2185 629 2246 de
668 2183 765 2246 rebus
809 2183 939 2267 agendis
991 2186 1145 2269 rationem
1230 2213 1233 2220 ’

138 2283 234 2350 babet
260 2285 531 2368 disceptatricem
568 2297 742 2374 qua‘utens
770 2285 837 2352 visa
862 2287 1054 2372 singutaae
1069 2310 1145 2356 exa·

137 2386 207 2452 meir
234 2399 352 2466 vorat,
392 2409 457 2454 non
479 2391 576 2454 medo
589 2411 642 2478 ,an
667 2391 761 2452 talem
782 2390 920 2473 speeiem
942 2389 1143 2472 praeierant,

137 2492 262 2574 putem
280 2493 485 2574 praeferunt,
521 2513 632 2558 neuim
658 2492 750 2556 etiam
772 2493 895 2566 ausint
916 2494 1002 2561 talia.
1048 2496 1144 2577 Quod

136 2595 163 2658 si
183 2617 257 2666 ¹titum
288 2595 413 2662 radone
447 2595 650 2680 diaqtiirendo
679 2595 817 2664 inveniat
846 2596 984 2664 aliudin
1015 2599 1141 2680 speeie,

137 2699 222 2768 aliud
238 2699 271 2764 in
288 2719 329 2762 re
348 2719 440 2776 esee,
478 2719 543 2764 non
563 2699 636 2762 ideo
657 2699 728 2763 viso
751 2699 849 2776 cedit,
883 2699 958 2784 quia
984 2701 1054 2766 talis
1077 2701 1145 2779 eiua

136 2801 258 2885 speeies
278 2821 315 2866 ae
336 2801 468 2879 obtudit,
493 2805 550 2866 sed
566 2801 639 2886 q11ia
661 2823 774 2868 revera
788 2801 850 2866 tale
865 2825 929 2872 nen
944 2815 1014 2882 est,
1038 2805 1069 2869 ai
1084 2807 1144 2878 ob-

137 2904 236 2972 sisne
266 2905 322 2970 eie
334 2905 434 2990 igitur
450 2906 488 2968 ab
504 2905 541 2970 iis
557 2925 637 2988 quae
650 2905 759 2970 suavia
774 2905 921 2974 videntur
935 2927 1030 2990 saepe
1046 2909 1144 2972 absti-

135 3020 200 3086 net,
224 2994 403 3094 quanquam
419 3029 530 3072 eorunm
549 3007 704 3074 desiderio
720 3009 881 3084 trabauu,
905 3011 978 3094 qraia
998 3012 1143 3078 nimirum

137 3113 294 3180 rationem
303 3133 368 3178 non
381 3113 478 3176 babet
492 3112 521 3176 ei
535 3133 627 3196 quam
638 3113 784 3178 hauserat
797 3111 925 3197 imagini
938 3128 1144 3186 consentane-

138 3237 201 3287 am.
225 3215 279 3280 ste
293 3227 325 3284 et
339 3218 491 3298 quaedam
504 3236 584 3298 quae
596 3215 741 3282 videntur
752 3215 850 3292 utilia,
867 3217 1013 3294 declinat,
1022 3219 1144 3283 radone

64 3303 66 3309 ¹
135 3321 325 3390 decernente
335 3318 380 3382 ita
393 3317 582 3392 facienduea.
605 3315 742 3398 Quodsi
756 3319 890 3384 liberum
903 3321 952 3386 ius
968 3320 1081 3405 agendi
1096 3333 1143 3384 eet

136 3422 169 3488 in
191 3421 423 3505 approbatione
439 3442 492 3497 ea,
518 3422 735 3503 quaeratione
751 3423 993 3507 gubeasmaet
1016 3424 1143 3493 eonsul-

109 3521 114 3544 '
135 3527 233 3592 tando
254 3523 447 3608 explicatam,
472 3523 518 3586 illi
539 3545 619 3588 vero
640 3525 718 3590 illud
731 3526 834 3607 ipsum
848 3537 970 3609 ponunt
984 3526 1015 3590 in
1032 3547 1069 3590 ea
1088 3549 1143 3609 ap-

134 3629 252 3711 petitus
282 3628 423 3693 motione
448 3639 542 3710 atque
568 3628 819 3708 approbatione,
855 3651 935 3712 quae
963 3629 1055 3695 etiam
1078 3629 1144 3694 sine

134 3733 259 3798 ratione
280 3729 335 3808 fit,
366 3752 406 3795 eo
428 3730 499 3814 ipso
519 3732 685 3796 ostendunt
702 3753 736 3792 se
757 3731 867 3812 supine
890 3735 1057 3798 admodum
1080 3735 1143 3798 dis·
1244 3729 1246 3734 ’

137 3855 250 3900 serene
265 3837 311 3906 ,de
337 3854 376 3899 eo
400 3837 487 3917 quod
506 3833 537 3897 in
561 3844 671 3902 nostra
698 3845 938 3932 estpotestate.
984 3837 1065 3898 Nam
1087 3859 1146 3900 uec

138 3938 213 4020 quid
233 3937 335 4012 idsit,
359 3957 418 4002 nee
434 3937 466 3999 in
479 3957 543 4019 quo
558 3935 704 4011 exsistat,
730 3937 900 4016 explicant.
945 3939 1084 4003 Ratione
1098 3941 1143 4002 uti

43 4121 50 4140 .
140 4041 218 4108 nihil
237 4051 286 4104 est
305 4038 398 4114 aliud,
423 4060 516 4127 wem
534 4036 723 4122 principium
738 4059 806 4104 esse
829 4061 955 4106 sinerum
974 4041 1142 4117 acaunum,
