2782 4790
982 371 1131 489 Ι89

112 583 295 668 'ipiscatur‚
321 586 373 670 qui
397 607 459 669 ope
480 585 681 652 instimtionis
704 599 734 652 et
756 591 989 656 exercitationis
1012 591 1130 674 reipsa

131 689 267 752 ostendit
293 687 343 765 id,
381 690 413 752 in
441 711 505 773 qno
534 691 631 754 homo
653 703 782 756 naturae
804 696 890 758 do'no
912 695 1042 758 caeteris
1065 695 1131 760 ani·

130 793 286 856 mantibus
308 805 464 875 praestat,
489 815 506 856 a
528 814 563 856 se
585 796 700 856 addens
722 794 755 856 id
769 799 856 877 quod
876 810 1007 860 naturae
1029 799 1126 872 deest,

128 899 276 979 quodque
305 899 344 958 ad
371 895 690 978 eam‘perficiendam
717 908 765 960 est
797 899 1019 962 necessarium.
1085 901 1129 962 Et
1219 941 1222 950 ‚

126 998 198 1063 ideo
222 1011 269 1062 est
289 998 321 1060 in
343 1010 453 1062 nostra
474 1009 631 1081 potestate
652 999 777 1064 virtutis
801 1003 938 1084 adeptio,
963 1023 1065 1086 neque
1080 1003 1128 1066 in·

128 1101 220 1163 utiles
242 1113 314 1163 sunt
334 1101 515 1184 frustraque
536 1114 681 1183 repertae
703 1104 809 1167 laudes
825 1116 854 1166 et
871 1105 1128 1188 vituperationes,

128 1215 159 1266 et
190 1203 224 1266 in
252 1203 361 1266 melius
389 1205 606 1280 hortamenta,
655 1225 756 1288 neque
790 1205 944 1270 institutio
978 1211 1017 1270 ad
1043 1221 1130 1272 reeta

128 1306 336 1370 assuefaciens
357 1305 553 1389 praescripta
573 1305 711 1392 legibus.
762 1309 885 1372 Eorum
907 1309 1026 1392 quippe
1048 1331 1128 1394 quae

128 1421 240 1472 natare-a
261 1408 353 1472 nobis
374 1409 497 1486 insrmt,
530 1407 609 1472 nihil
631 1421 679 1474 est
700 1414 787 1495 quod
807 1411 910 1493 possit
931 1412 1129 1476 assuetudine

127 1509 253 1574 mutari.
311 1511 517 1592 Quantumvis
550 1533 644 1595 saepe
670 1535 738 1578 rem
765 1517 979 1597 ponderosam
1003 1537 1127 1578 sursum

129 1614 253 1690 mittas,
283 1635 348 1677 non
370 1615 557 1681 assuefarias
578 1637 646 1680 eam
668 1629 781 1682 contra
802 1630 933 1682 natruae
956 1639 1030 1682 suae
1050 1641 1129 1701 pro-

127 1716 294 1798 prietatem
315 1739 439 1780 sursnm
459 1718 557 1792 ferris
595 1731 627 1783 at
655 1741 760 1784 mores
793 1721 955 1784 hominum
979 1721 1074 1784 huius
1096 1733 1128 1784 et

129 1819 304 1883 istiusmodi
325 1821 403 1882 lirant
423 1839 485 1901 pro
508 1821 631 1885 diversa
653 1823 868 1886 adsuetudine.
903 1825 956 1886 'Et
978 1823 1010 1887 in
1033 1826 1128 1887 rebus

129 1923 252 2006 quidem
273 1922 466 1986 naturalibus
488 1923 622 2004 primum
636 1926 786 1988 habemus
803 1925 917 2010 agendi
933 1924 1124 2001 facilitatem,

131 2047 169 2088 ex
198 2048 261 2109 qua
290 2025 400 2089 deiude
429 2026 561 2110 agimus.
615 2027 729 2110 Neque
753 2027 836 2116 enim
868 2049 963 2108 saepe
992 2027 1128 2092 videndo

130 2129 255 2192 videndi
281 2127 461 2190 facilitatem
490 2128 731 2210 consequimur,
769 2132 825 2191 sed
845 2131 918 2212 qnia
940 2151 1007 2192 eam
1029 2132 1127 2193 habe-

130 2254 219 2306 mus,
258 2231 329 2294 ideo
352 2230 505 2294 videmus.
564 2228 686 2294 Contra
709 2231 841 2296 veroin
864 2231 900 2294 iis
924 2253 1003 2314 quae
1025 2252 1087 2296 non
1111 2255 1128 2294 a

131 2347 241 2398 natura
255 2333 352 2411 fiunt,
376 2354 434 2416 per
456 2333 594 2397 actiones
617 2334 839 2418 consequimur
862 2335 974 2420 agendi
994 2334 1127 2396 facilita-

128 2449 202 2500 tem.
248 2439 361 2519 Neque
382 2436 462 2498 enim
496 2437 586 2500 aliter
613 2437 705 2500 faber
734 2437 802 2520 quis
832 2437 907 2513 fiat,
945 2437 1004 2500 nisi
1036 2459 1128 2518 saepe

128 2539 259 2604 ediderit
279 2539 417 2602 actiones
438 2539 568 2602 fabriles
590 2543 759 2622 secundum
780 2539 922 2624 magistri
943 2552 1126 2622 praecepta.

130 2644 236 2730 Quare
259 2664 329 2705 eum
352 2644 462 2704 eodem
484 2645 580 2707 modo
614 2665 843 2727 consequamur
871 2643 1004 2706 virtutes
1039 2646 1128 2723 (nam

128 2747 258 2808 multum.
281 2746 403 2828 agendo
427 2765 462 2806 ea
485 2765 566 2826 quae
588 2746 776 2827 temperanti
803 2745 1011 2822 conveniunt,
1049 2757 1128 2808 tem·
1203 2803 1207 2814 .

126 2859 272 2930 perantes
295 2846 473 2927 evadimus)
495 2867 560 2910 non
577 2861 649 2910 sunt
668 2871 721 2912 eae
738 2849 770 2912 in
788 2849 878 2914 nobis
893 2870 952 2930 per
971 2860 1126 2912 naturam.

546 2953 728 3028 XXVIII.

190 3053 255 3134 Qui
276 3073 355 3116 vcro
382 3054 487 3116 dictmt
509 3053 687 3116 necessario
708 3075 766 3117 nos
788 3055 865 3118 tales
886 3066 952 3116 tum
974 3067 1129 3118 escotum

130 3156 219 3232 fieri,
244 3177 345 3239 neque
364 3156 455 3220 nobis
478 3157 654 3220 libertatem
676 3155 856 3239 relinquunt
877 3159 989 3242 agendi
1012 3171 1043 3220 et
1065 3180 1130 3220 non

128 3259 240 3345 agendi
272 3281 309 3322 ea
330 3279 389 3341 per
411 3281 490 3342 quae
512 3261 589 3323 tales
612 3259 789 3336 evadimus,
824 3281 860 3322 ae
881 3272 1053 3341 propterea
1072 3280 1131 3321 nec

128 3363 240 3446 iiquui
263 3362 336 3426 mali
365 3375 436 3424 sunt
462 3363 539 3425 sacti
566 3361 700 3425 liberum
733 3364 907 3425 concedunt
937 3361 1035 3425 fuisse
1064 3381 1129 3422 non

130 3487 165 3528 ea
187 3485 283 3550 agere
304 3487 364 3547 per
386 3485 465 3550 qnae
492 3467 568 3528 tales
596 3477 668 3528 sunt
696 3464 791 3540 sacti,
829 3485 930 3546 neque
959 3463 1066 3526 itidem
1093 3463 1129 3526 iis

134 3569 186 3651 qui
207 3569 286 3652 honi
307 3580 397 3645 sunt,
434 3582 537 3633 nonne
558 3568 652 3631 fateri
673 3570 785 3630 debent
806 3566 972 3649 pessimum
995 3567 1131 3631 omnium

129 3672 304 3735 animalium
327 3683 477 3734 aratura
499 3671 634 3734 effictum
656 3691 723 3734 esse
745 3670 923 3746 hominem,
968 3669 1056 3733 euius
1082 3681 1129 3732 ta·
1173 3734 1176 3740 ,

130 3797 196 3840 men
217 3759 315 3838 'causa
337 3773 443 3836 dicunt
464 3772 602 3836 extitisse
631 3795 681 3836 res
711 3757 851 3836 caeteras
879 3784 913 3834 ut
938 3772 1004 3836 eius
1035 3771 1128 3834 saluti

19 3907 20 3912 ¹
127 3874 378 3960 opitularentur?
412 3859 455 3938 'Si
476 3875 557 3938 enan
579 3875 782 3956 exipsorum
804 3874 953 3938 sententia
973 3876 1042 3938 sola
1058 3873 1125 3940 vir.-

125 3997 174 4050 tus
208 3983 374 4066 solumque
407 3981 537 4058 vitium,
576 3978 629 4042 illa
645 3989 647 3994 '
663 3978 786 4061 quidem
815 3979 934 4040 bonum
962 3989 1032 4053 est,
1068 3978 1132 4039 hoe
