2782 4790
269 336 329 401 156

261 500 375 625 γάρον
391 502 652 597 φυλάξουσιν,”
632 527 727 584 οντος
741 504 801 574 τοῦ
821 506 879 588 τῆς
895 507 1105 628 ἑιμαρμένης
1103 502 1268 577 τοιούτου

261 603 544 696 (λμολογησει
508 613 544 678 δ
562 604 693 687 τούτοις
718 613 773 676 καλ
791 605 834 675 τὸ
859 605 1095 734 λεγύμενον,“
1085 599 1139 686 ύτι
1159 609 1268 679 πολλά

264 719 320 780 καὶ
341 711 435 806 παρὰ
451 719 573 804 μοῖραν
590 714 714 800 γίνεται
728 716 784 778 καὶ
801 709 894 804 παρά
911 714 1123 804 ἑιμαρμένην,
1146 705 1188 794 ώς
1201 739 1268 782 που

264 820 318 883 καὶ
341 811 360 882 ὁ
381 813 519 898 ποιητὴς
540 816 690 910 ἐμφαίνει

339 951 392 1030 Μὴ
412 951 467 1013 καὶ
484 956 558 1036 ὑπὲρ
577 955 694 1042 μοῖραν
712 961 757 1032 55)
777 955 874 1038 δόμον
894 953 981 1024 άϊδος
1000 955 1186 1035 ἕιςαφύιηαι.

263 1112 469 1184 Συνίσταιτο
487 1107 516 1186 δ
532 1109 574 1182 66
594 1105 652 1197 ἥδε
672 1111 693 1197 6
716 1111 798 1199 δόξα
819 1122 875 1186 καὶ
888 1112 952 1185 ύπὸ
968 1110 1012 1200 ⁵⁶)
1027 1113 1105 1196 τούς
1116 1113 1271 1206 μάντεις,

264 1218 297 1284 ἐν
319 1213 369 1296 ὁῖς
389 1223 587 1311 προλέγουσι
606 1216 652 1309 μὴ
673 1215 783 1288 πάντα
812 1216 1044 1310 ἐπιτυγχάνειν.
1092 1216 1143 1290 'Ec
1164 1224 1200 1288 δὲ
1222 1218 1270 1311 μὴ

264 1315 359 1404 τήνδε
381 1319 440 1404 τὴν
461 1319 561 1406 δόξαν
581 1329 655 1417 περὶ
676 1326 734 1407 τῆς
755 1326 948 1422 έιμαρμένης
968 1321 1046 1404 τούς
1067 1320 1274 1417 ἀνθρώπους

263 1423 345 1515 ἔχειν
366 1429 567 1516 συμβέβηκε,
603 1424 809 1516 θαυμαστὸν
831 1424 935 1496 ὂυδέν.
996 1427 1036 1496 06
1061 1425 1126 1520 γὰρ
1153 1431 1274 1496 πολλοὶ

264 1534 334 1607 τοῖς
353 1536 414 1617 μὲν
434 1525 549 1608 τύποις
573 1524 611 1598 ού
640 1531 748 1609 κακῶς
773 1536 846 1623 περὶ
873 1531 938 1600 τῶν
964 1526 1166 1624 πραγμάτων
1193 1556 1296 1624 σεο-1

261 1627 436 1720 χάζονται,
466 1633 499 1700 ἐν
520 1635 556 1700 δὲ
577 1639 647 1712 τοῖς
667 1629 749 1702 καθ’
774 1637 897 1705 ἕκαστα
918 1638 973 1702 καὶ
996 1636 1029 1702 έν
1051 1634 1096 1726 τῷ
1118 1635 1274 1726 διορίζειν

264 1759 298 1802 τε
320 1739 376 1802 καὶ
397 1735 593 1864 ἐξακριβοῦν
609 1734 718 1806 πολλὰ
739 1734 1023 1862 διαμαρτάνουσι·
1059 1735 1098 1816 τὸ
1124 1736 1274 1828 μὲνγὰρ

265 1831 409 1964 (μύσεως,
446 1835 485 1906 τὸ
512 1841 593 1906 δὲ
576 1836 755 1928 επιστύμης
788 1842 893 1935 ἔργον.
938 1838 1093 1924 Ἧδηδδ
1123 1843 1184 1910 τοῦ
1213 1843 1274 1925 τῆς

264 1943 459 2063 εἰμαρμένης
491 1937 655 2033 ὀνόματος
682 1939 914 2037 Ἀριστοτέλης
942 1937 1132 2033 μνημονεύει
1160 1950 1216 2012 καὶ
1240 1948 1275 2013 έν

264 2045 310 2138 τῷ
331 2040 448 2138 πρώτῳ
470 2047 533 2114 τών
553 2051 902 2171 μετεωρολογουμένων
922 2043 1006 2131 ³⁷6‘
990 2043 1110 2127 ούτως
1142 2095 1158 2124 ,ι
1164 2039 1274 2148 A666

265 2142 418 2222 »πάντων
438 2143 563 2228 τούτων
590 2146 698 2219 άὶτιον
724 2146 953 2233 ὑπολείπεται,
986 2144 1026 2234 6,
1060 2177 1094 2222 τι
1124 2153 1274 2275 γίγνεται

265 2247 345 2324 ,,διύι
361 2246 488 2344 χρόνων
509 2255 725 2344 έιμαρμένιον
761 2249 832 2328 οῖον
854 2256 887 2324 ἐν
915 2259 989 2334 ταῖς
1018 2279 1082 2322 κατ
1119 2252 1274 2324 ἐνιαυτὸν

264 2345 389 2446 »ὥραις
407 2352 546 2442 χειμών,
579 2351 664 2424 δύτω
685 2352 842 2448 περιόδου
863 2355 953 2438 τινὸς
973 2353 1133 2448 μεγάλης,
1165 2361 1273 2447 μέγας

264 2501 280 2532 „
285 2451 404 2546 χειμών
426 2453 496 2540 ⁵7).'’
531 2456 641 2527 Ἔοικε
663 2463 699 2528 δε
728 2456 786 2538 διά
813 2487 848 2530 τε
876 2456 999 2529 τούτων
1028 2457 1088 2544 τὴν
1114 2459 1272 2554 έιμαρμέε

263 2582 323 2642 νην
343 2556 402 2643 τὴν
424 2555 527 2654 φύσιν
547 2565 667 2648 λέγειν’
702 2559 795 2634 ὁύτοι
826 2562 891 2657 γάρ
920 2567 1110 2657 έιμαρμένοι
1134 2560 1271 2656 χρόνοι,

261 2658 382 2752 χειμών
402 2689 436 2752 τε
465 2669 520 2732 καλ
548 2666 612 2742 τῶν
638 2663 767 2750 ἄλλων,
804 2672 836 2734 οἱ
862 2665 1008 2760 φυσικάς
1036 2665 1094 2746 τάς
1122 2663 1271 2740 ἀνταπο-

264 2761 373 2846 δόσεις
402 2767 543 2856 έχοντες,
580 2765 639 2838 οὐκ
670 2770 800 2860 ἔχουσιν
828 2765 932 2850 ἆυτάς
967 2766 1208 2863 ἇπαραβάτους
1235 2797 1272 2840 τε

264 2873 320 2936 καὶ
347 2874 668 2961 κατηναγκασμένος
705 2869 818 2943 A666
844 2878 901 2942 καὶ
928 2876 962 2941 ἐν
988 2875 1035 2968 τῷ
1055 2876 1189 2966 πέμπτῳ
1212 2876 1273 2957 τῆς

264 2973 408 3064 φυσικῆς
425 2969 627 3096 ἀκροάσεως
656 2971 760 3058 ὁύτως
787 2971 933 3046 πάλιν’
919 2980 1112 3068 ιιμαρμένης
1142 3003 1271 3065 μνημο-

263 3069 367 3144 νεύει
410 3063 566 3170 ἰΑρα
549 3081 608 3150 οὖν
639 3086 694 3148 καὶ
721 3083 859 3169 γενέσεις
887 3081 950 3148 ἕισὶ
980 3080 1088 3167 βίαιοι
1119 3086 1176 3148 καὶ
1208 3076 1271 3169 ούχ

262 3179 496 3302 ςέιμαρμέναι,
531 3178 585 3262 άῐς
617 3183 761 3254 ἐναντίαι
793 3186 829 3250 αἱ
857 3179 944 3250 κατά
971 3177 1099 3276 φύσιν.’
1154 3174 1249 3252 Δὶ
1223 3209 1269 3252 νιν

262 3267 431 3366 άάλιν,”
410 3311 464 3352 οτι
490 3287 536 3354 τώ
563 3287 622 3368 τῆς
650 3287 843 3378 έιμοιρμένης
864 3280 1004 3373 ὀνόματι
1025 3288 1077 3353 ἐπὶ
1097 3287 1161 3356 τών
1181 3283 1269 3354 κατά

262 3378 365 3477 φύσιν
385 3393 582 3477 γιγνομένων
600 3390 741 3516 γρῆται,
772 3384 946 3481 γνώριμον.
994 3383 1045 3456 Ει
1065 3386 1129 3480 γάρ
1150 3386 1196 3477 μὴ
1219 3391 1267 3482 τῷ

262 3489 443 3583 ἑιμαρμένιμ
471 3498 575 3588 φασιν
597 3494 680 3560 ἐῐναι
709 3493 853 3562 ἐναντίον
880 3489 919 3560 τὸ
947 3488 1033 3560 κατά
1061 3487 1183 3585 φύσιν,
1219 3495 1266 3560 τώ

261 3591 412 3688 δὲπαρά
431 3593 491 3678 τὴν
512 3598 705 3687 ἑιμαρμένην
728 3593 765 3670 τὸ
786 3591 907 3664 καθΗ
892 3599 1087 3688 ειμοιρμένην
1108 3596 1266 3678 ἐναντίον,

261 3693 383 3766 τᾶυτδν
411 3693 453 3766 άν
484 3699 531 3781 έίη
563 3699 609 3792 τῷ
635 3696 723 3772 κατὰ
754 3695 857 3828 φύσιν
884 3696 923 3766 τὸ
953 3694 1073 3766 καδΗ
1057 3703 1265 3824 ιιμαρμένην.

266 3795 371 3867 06
333 3827 399 3894 γαρ
420 3797 460 3882 δὴ
482 3797 618 3870 6666‘
602 3797 673 3872 οιύν
694 3829 728 3872 τε
749 3805 795 3872 ἑνὶ
820 3799 891 3878 ύντι
912 3803 958 3897 τῷ
978 3799 1023 3891 μὴ
1044 3797 1166 3871 καθΗ
1150 3829 1264 3889 ειμαρ

260 3908 358 3998 μένην
386 3903 515 3980 ἐναντία
544 3907 689 3991 λέγειν’
675 3911 774 3992 εἶναι,
821 3901 859 3986 τό
892 3931 925 3984 τε
957 3901 1038 3974 καθ
1069 3908 1265 3996 ἑιμοιρμένηη
