2804 4786
302 582 304 590 ν
357 569 468 614 rerum
479 560 527 614 est
541 549 864 637 signifieat'praeeste
874 556 1071 656 mordqrum
1081 565 1273 636 curationi.

356 653 405 716 At
428 655 533 718 malim
560 654 703 738 equidem
733 650 971 744 septematrus
991 659 1014 722 i.
1039 679 1068 722 e.
1093 679 1129 724 sc
1150 666 1276 741 sistere,

356 765 493 842 praesto
517 779 585 824 esse
607 757 677 820 scil.
700 757 944 835 somniantibus,
976 773 1011 824 ut
1029 762 1217 844 respiciatur
1238 766 1279 826 ad

357 860 486 924 oracula
520 881 580 942 per
615 859 846 924 incubationem
890 862 930 923 ab
967 864 1160 948 Aesculapio
1182 927 1184 936 ,
1207 869 1277 930 data

356 962 460 1044 qualia
482 983 524 1026 ex
548 963 680 1030 Gruteri
705 983 846 1046 corpore
875 964 1121 1053 inscriptionum
1147 969 1278 1054 collegit

356 1065 398 1128 F.
415 1065 459 1128 A.
476 1065 581 1130 Wott.
605 1067 652 1129 V.
676 1065 812 1131 s.in1.
835 1077 861 1129 t.
885 1071 1078 1136 remischte
1102 1053 1280 1158 Schriften

361 1168 433 1234 aad
449 1165 622 1249 Aufsdtze.
643 1183 721 1254 pag.
745 1169 821 1232 ott.
845 1190 937 1252 seqq.
975 1169 1048 1251 (Ο.)

295 1271 328 1350 t)
356 1270 602 1338 ἐπιδίδωσιν
624 1265 773 1351 ἀνιὸν]
802 1271 937 1346 Aldinae
960 1273 1146 1348 ἐπιδίδωσιν
1166 1269 1278 1344 dordr.

654 1490 741 1534 GM·
775 1493 900 1535 mm.

295 1637 328 1718 l)
358 1636 411 1728 τῷ
430 1632 483 1724 μὴ
506 1635 606 1716 ιιᾶν]
637 1638 688 1702 Ita
703 1639 812 1703 Havu.
836 1651 868 1703 ct
883 1637 988 1704 Casei.
1013 1635 1052 1706 τὸ
1073 1635 1118 1726 μὴ
1139 1639 1207 1708 stola
1221 1642 1281 1705 Al·

359 1740 449 1803 dinae
472 1753 503 1802 et
525 1741 634 1804 Lond.
659 1740 732 1823 (O.)
765 1743 829 1805 Sed
850 1764 891 1806 ex
912 1742 1000 1806 tricis
1021 1741 1087 1805 istis
1110 1741 1203 1806 aliter
1224 1766 1279 1806 ex-

355 1843 475 1926 plicare
497 1864 546 1906 me
567 1864 716 1927 nequeo,
747 1845 806 1909 nisi
828 1857 899 1909 toto
922 1846 997 1910 loco
1019 1845 1062 1908 ita
1084 1846 1277 1912 constituto:

361 1943 410 2012 Τὸ
439 1949 475 2014 δὲ
504 1949 607 2031 λέγειν
636 1942 697 2036 οὐχ
724 1937 886 2033 ἡγεῖσθἀι
914 1945 992 2027 τοὺς
1019 1943 1222 2037 ἡγουμένοις
1250 1951 1282 2018 ἐν

355 2051 403 2142 τῷ
426 2044 596 2130 σώζεσθαι
618 2046 677 2132 τὴν
699 2045 781 2117 καθ’
806 2046 910 2142 ὁρμὴν
931 2053 995 2119 τῶν
1009 2047 1097 2134 ζώων
1111 2054 1281 2142 ἐνέργειαν,

357 2149 421 2236 ἤδη
436 2147 608 2234 σώζεσθαι
624 2157 680 2220 καὶ
697 2148 736 2220 τὸ
755 2147 804 2247 ἐφ’
820 2149 914 2242 ἡμῖν,
936 2151 976 2221 τὸ
997 2149 1043 2242 μὴ
1057 2153 1125 2222 πᾶν
1145 2151 1184 2222 τὸ
1198 2151 1280 2222 καθ’

359 2253 465 2346 ὁρμὴν
478 2251 649 2342 γινόμενον
664 2257 714 2325 ἐπὶ
732 2261 802 2335 τοῖς
821 2252 967 2348 ὁρμῶσιν
977 2259 1059 2324 ἐῐναι
1072 2257 1096 2321 i.
1113 2279 1143 2321 e.
1182 2259 1285 2340 Quod

257 2387 261 2398 ·
355 2370 471 2423 autem
492 2358 611 2421 dicunt
630 2359 835 2428 adversarii,
869 2381 930 2424 nos
958 2382 1066 2443 quum
1086 2379 1283 2425 censeamus

253 2466 255 2470 ’
355 2482 397 2524 eo
426 2461 500 2540 ipso
529 2458 625 2540 quod
646 2469 796 2526 servetur
816 2457 1023 2523 animalium
1043 2461 1139 2522 actio
1160 2480 1206 2526 ex
1226 2478 1284 2537 ap-

252 2586 254 2599 .
354 2560 462 2640 petitu
476 2558 652 2639 prosecta,
673 2561 802 2623 servari
814 2579 952 2642 quoque
963 2569 995 2623 et
1009 2557 1124 2622 adseri
1140 2557 1284 2622 liberum

357 2657 559 2738 arbitrium,
590 2677 658 2720 non
679 2669 831 2737 censere,
859 2679 928 2722 non
947 2657 985 2720 id
1003 2679 1101 2722 omne
1123 2657 1220 2741 quod
1236 2676 1280 2719 ex

356 2759 513 2838 appetitu
522 2754 596 2831 flat
609 2757 644 2817 in
654 2759 886 2836 appetentium
904 2775 976 2821 esse
991 2766 1178 2838 potestate,
1199 2754 1283 2834 (sive

359 2858 447 2940 quod
474 2854 696 2940 negationibus
725 2856 859 2920 invicem
886 2877 921 2920 se
949 2856 1134 2920 tollentibus
1156 2857 1281 2922 cnissis

361 2962 401 3022 ad
414 2958 496 3022 idem
511 2957 637 3038 recidit)
660 2961 756 3046 quod
775 2959 982 3024 contendunt
1001 2979 1063 3022 nos
1083 2979 1129 3024 ex
1148 2962 1286 3023 ratione

276 3078 280 3096 ’
356 3071 474 3126 nostra
494 3059 637 3124 adsurde
656 3079 795 3142 prorsus
818 3080 949 3125 censere
976 3054 1016 3124 τὸ
1045 3059 1111 3124 σᾶν
1138 3055 1178 3126 τὸ
1200 3063 1277 3126 καθ

361 3157 467 3252 ὁρμὴν
487 3156 656 3246 γινόμινσν
677 3161 729 3226 ἐπὶ
750 3163 820 3236 τοῖς
842 3155 987 3247 ὁρμῶσιν
1016 3161 1100 3248 iiras
1111 3209 1119 3240 ,
1156 3164 1290 3245 quique

359 3275 399 3327 ut
417 3264 616 3328 senteutiam
633 3272 718 3326 tam
744 3259 932 3327 ridiculam
952 3261 1050 3327 uobis
1068 3263 1286 3343 exprimant,

357 3373 551 3447 sequentem
579 3364 760 3428 instituunt
790 3363 1143 3442 argumentationem,
1169 3357 1288 3424 ‘notate

358 3466 394 3525 iu
410 3462 461 3524 his
476 3461 630 3526 omnibus
652 3457 769 3542 ignari
789 3469 990 3540 comparent
1010 3480 1139 3541 eorum,
1163 3469 1292 3526 contro

359 3582 448 3644 quae
470 3559 669 3642 disputant?
710 3559 826 3640 (Oasp.
845 3559 967 3638 Orell.)¹

300 3692 334 3771 2)
363 3689 522 3779 ἐρωτᾷν
553 3687 595 3752 ἐι
624 3681 676 3772 μὴ
713 3681 921 3775 ἐνέργημιὶ
952 3709 992 3751 σι
1025 3680 1074 3751 sd
1100 3679 1157 3778 ἐφ’
1188 3677 1293 3770 ἡμῖν
1382 3723 1383 3742 .

361 3795 512 3878 iactr,v
535 3793 605 3854 rai
640 3782 855 3874 λαβόντας
890 3790 956 3854 tet
986 3783 1123 3887 τούτῳ
1156 3781 1288 3854 πάλιν

364 3888 545 3985 ἐρωτᾷν,
595 3891 630 3956 ἐι
664 3887 716 3978 μὴ
756 3890 834 3959 τῶν
869 3885 1164 3978 ἐνεργημάτων
1200 3887 1293 3966 etc}

366 3995 540 4082 Egregiam
562 3995 642 4060 hanc
664 3995 829 4066 lectionem
846 4007 876 4062 et
891 3996 1140 4084 supplementum
1155 3993 1293 4060 lacunae
