2782 4790
162 385 327 489 v100

265 553 351 625 κατὰ
378 558 413 622 δὲ
441 553 484 621 τά
510 550 574 622 ῦπό
606 549 731 621 τούτων
759 549 940 641 λεγόμενα,
973 557 1019 632 εἰς
1047 547 1188 639 ἀγαθόν
1214 557 1275 640 μέν

266 657 362 729 οῦδὲν
389 654 408 726 ό
433 651 575 736 Πύθιος
608 659 654 748 τῷ
684 659 782 747 Λαΐῳ
812 661 963 748 συνεργεῖ
987 659 1047 739 ¹⁵),
1074 652 1277 741 Ιἀγωνίζεται

265 760 331 855 γάρ
353 766 408 829 καλ
426 754 536 828 πάντα
560 754 797 851 πρόπειιτρὸς
819 755 857 824 τὸ
879 762 980 846 μηδὲν
1005 760 1069 825 τῶν
1092 753 1278 826 ἀνοσιωτά

268 887 332 934 των
351 889 392 930 Ιτε
424 868 480 930 καὶ
507 858 735 949 ἀσεβεστάτων
755 864 940 952 παρελθεῖν
964 858 1023 929 τόν
1045 857 1136 928 όῖκον
1161 858 1276 942 ἀύτοῦ,

266 959 311 1035 ὧν
332 961 478 1044 ἀκούσας
505 964 555 1043 τίς
582 961 641 1032 οῦκ
668 961 710 1031 ἀν
723 966 976 1056 -ἐνσεβεστέραν
990 964 1074 1031 ε’ίποι
1100 961 1159 1045 τὴν
1184 967 1278 1049 λεγο-

266 1071 366 1158 μένην
384 1065 449 1136 ύπό
463 1069 527 1135 τῶν
547 1073 620 1158 περὶ
635 1062 830 1158 Ἐπίκουρον
851 1063 1075 1159 ἀπρονοησίαν
1089 1068 1147 1148 τῆς
1164 1061 1278 1133 τοιαύ-

266 1191 325 1256 της
345 1172 523 1263 προνοίαςς
552 1172 633 1248 Πῶς
657 1173 693 1237 δέ
715 1167 847 1262 συνῳδά
870 1165 1026 1251 ἀλλήλοις
1051 1167 1091 1235 τό
1113 1165 1198 1257 ὁμοῦ
1216 1177 1278 1258 μὲν

263 1273 354 1343 θεόν
374 1279 478 1362 λέγειν
499 1269 558 1355 τὴν
579 1275 776 1365 ίιμαρμένην
795 1278 852 1340 καὶ
876 1274 1032 1364 χρῆσθαι
1053 1276 1124 1350 τοῖς
1146 1268 1221 1338 όῦσί
1242 1296 1277 1338 τε

268 1384 324 1446 καὶ
343 1380 526 1467 γινομένοις
551 1379 584 1444 έν
616 1377 663 1467 τῷ
693 1371 805 1467 κόσμῳ
841 1378 892 1442 ἐπὶ
928 1376 1076 1467 σωτηρίᾳ
1108 1370 1211 1442 ἄντοῦ
1243 1399 1278 1441 τε

266 1483 327 1550 τοῦ
353 1476 497 1568 κόσμου,
532 1483 588 1544 καί
613 1479 671 1560 τῆς
692 1478 757 1544 τάν
783 1479 817 1544 ἐν
843 1473 934 1569 ἀντῷ
959 1473 1098 1560 τάξεως,
1131 1473 1221 1566 όμοῦ
1243 1480 1278 1544 δὲ

264 1585 406 1651 τοιαῦτα
434 1587 506 1673 περλ
535 1577 638 1662 ἀυτῆς
658 1583 779 1666 λέγειν,
815 1575 859 1657 ὡς
889 1575 1164 1671 παραλαμβάνειν
1195 1577 1280 1671 πρὸς

263 1684 327 1765 τὰς
350 1680 483 1776 πράξεις
502 1680 564 1761 τός
589 1668 817 1761 ἀνούιωτύτας
842 1677 905 1765 ¹⁶),
941 1680 998 1750 διά
1019 1681 1080 1765 τὴν
1100 1689 1172 1775 περὶ
1193 1679 1280 1751 ἀντά

265 1785 431 1869 σπουδὴν,
459 1791 516 1852 καλ
540 1781 600 1853 τόν
623 1781 765 1854 Πύθιον
790 1781 970 1878 σύνεργον,
1001 1782 1075 1854 Ἐπὶ
1099 1786 1193 1854 τίνων
1214 1783 1280 1877 γὰρ

267 1891 415 1981 σωτηρία
443 1890 555 1980 ἐροῦσι
578 1889 735 1979 χρῆσθαι
758 1885 817 1969 τὴν
845 1891 1042 1979 έιμαρμένην
1066 1886 1194 1980 πατρός
1216 1884 1281 1956 ύπό

266 1990 387 2072 παιδός
415 1987 582 2080 ἀναιρέσει
610 1991 673 2073 ¹⁷),
704 1995 765 2058 -καλ
795 1985 891 2083 γάμῳ
922 1988 1049 2084 μητρός
1076 1998 1132 2058 καί
1159 1988 1282 2072 παιδός

267 2092 408 2189 ἀνοσίῳς
442 2100 499 2162 καλ
518 2096 640 2182 γενέσει
664 2094 791 2161 παίδοιν
808 2089 942 2188 ἀδελφῷ
964 2099 1020 2164 καὶ
1040 2096 1143 2187 πατρί
1166 2098 1228 2179 ¹⁸)3·
1249 2093 1284 2164 τί

268 2200 327 2282 τῆς
347 2201 381 2266 ἐν
397 2191 510 2289 κόσμῳ
533 2191 724 2279 διοικήσεως
749 2198 784 2264 ἐκ
808 2192 934 2266 τούτων
955 2197 1036 2286 ἔχειν
1062 2193 1197 2286 ε’ύλογον
1221 2195 1282 2281 τὴν
1334 2209 1338 2215 “

266 2301 432 2392 σωτηρίαν
443 2350 452 2380 ,
474 2295 518 2377 ὡς
533 2305 590 2366 καλ
611 2295 669 2366 τόν
684 2294 838 2366 Ἀπόλλω
858 2302 1049 2392 φοβεῖσθαι
1068 2297 1116 2389 μή
1139 2326 1172 2368 τι
1195 2327 1281 2394 παρ·

265 2404 353 2497 ελθῇ
373 2396 498 2469 τούτων
523 2397 711 2493 ἀπρακτονς
751 2395 891 2492 πότερον
916 2398 1057 2490 ἐμπόδια
1084 2405 1127 2485 19)
1155 2402 1202 2491 μὴ
1228 2432 1280 2491 yt-

266 2501 388 2594 νόμενον
416 2505 454 2599 τῇ
482 2504 546 2572 τῶν
573 2498 764 2594 ἀνθρώπων
795 2502 883 2570 κατὰ
913 2500 1027 2585 πόλεις
1061 2531 1097 2577 τε
1132 2512 1189 2573 καὶ
1224 2533 1280 2575 να

265 2604 351 2697 μοῦς
380 2606 431 2690 ²⁰)
465 2601 607 2689 όικήσει,
643 2608 666 2688 ἦ
695 2607 735 2701 τῇ
766 2607 831 2673 τῶν
856 2608 1023 2696 στοιχείων
1058 2610 1120 2676 τοῦ,
1150 2605 1279 2698 κόσμον

268 2711 415 2802 σωτηρίᾳ
421 2759 431 2790 ,
460 2705 537 2804 ἢτῇ
555 2711 619 2776 τῶν
644 2709 749 2775 θείων
774 2704 919 2801 έυτάκτῳ
944 2735 978 2778 τε
1000 2717 1056 2779 καλ
1073 2707 1168 2804 ἀίδίρ
1189 2738 1282 2804 περι-

271 2814 385 2907 φορᾷ,
416 2807 438 2894 ἢ
462 2811 526 2879 τίνι
553 2812 617 2878 τῶν
644 2803 678 2892 ἐξ
705 2801 749 2878 ὧν
773 2809 833 2879 τόν
863 2807 989 2901 κόσμον
1023 2811 1222 2884 συνεστάναι
1247 2842 1282 2884 τε

247 2909 325 2984 Ικαὶ
353 2917 558 2984 διοικεῖσθαι
579 2917 800 3002 συμβέβηκεν,
835 2916 943 2997 Δῆλον
963 2911 993 2983 δ
1017 2909 1071 2985 ότι
1092 2913 1154 3010 κᾷν
1175 2915 1288 2986 ἄλλόν

270 3043 345 3086 τινα
368 3018 486 3107 μῦθον
508 3012 609 3097 πόλιν
630 3013 815 3085 ἀκούσωσιν
830 3012 923 3110 παροί
948 3042 1038 3098 τινος
1061 3022 1126 3088 τῶν
1153 3046 1282 3114 τραγῳ-

270 3121 434 3202 δοποιῶν,
466 3115 516 3200 όῐς
539 3121 636 3213 ἔργον
657 3116 700 3186 τά
722 3122 863 3188 τοιαῦτα
881 3116 1079 3210 πλάσματα,
1102 3120 1283 3211 ἢγυναῖκά

271 3250 345 3294 τινα
356 3226 404 3307 ²¹)
418 3221 475 3292 διά
481 3223 678 3306 ζηλοτυπίαν
691 3227 1009 3312 ἐπιβουλευσομένην
1018 3230 1077 3313 μὲν
1092 3222 1283 3317 ἀλλοτρίοις

272 3331 412 3410 τέκνοις,
435 3322 675 3396 ἀποκτείνασαν
695 3326 731 3392 δέ
751 3322 795 3392 τὰ
815 3325 949 3411 ἑαυτῆς,
979 3323 1014 3410 ἢ,
1045 3330 1190 3412 Θυέστην
1209 3329 1286 3400 τινὰ

272 3431 418 3520 δυστυχῆ
429 3434 567 3523 γέροντα
577 3431 642 3498 τῶν
656 3429 786 3521 σαρκῶν
796 3430 860 3498 τῶν
875 3430 1014 3498 παιδίων
1030 3427 1135 3500 ἀντοῦ
1146 3436 1283 3502 ἐσθίον-

242 3527 250 3539 ’
274 3529 335 3616 τό,
351 3528 499 3624 Ἀτρέως
517 3529 607 3610 τινός
623 3528 771 3625 ἀδελφοῦ
790 3526 947 3614 τοιαύτην
960 3536 1177 3623 παραθέντος
1191 3531 1283 3628 ἀντῷ

274 3630 458 3727 τράπεζαν,
478 3630 669 3703 πιστεύουσι
689 3631 730 3716 δὴ
751 3633 802 3717 ²²)
824 3638 895 3712 τοῖς
908 3629 1037 3722 μύθοις
1055 3632 1099 3715 τός
1119 3633 1283 3724 γεγονόσι,

275 3745 333 3807 καὶ
352 3735 412 3822 τὴν
436 3738 630 3827 ἑιμαρμένην
650 3762 685 3804 τε
708 3742 765 3805 καλ
788 3731 949 3829 πρόνοιαν
972 3734 1012 3806 δι’
1040 3735 1148 3807 ἀντῶν
1176 3766 1281 3809 κατα-

278 3837 504 3924 σκευάζουσιν,
525 3832 631 3932 ίόσπερ
653 3840 749 3931 ἔργον
770 3835 960 3927 ποιούμενοι
981 3835 1005 3906 ἀ
1022 3838 1202 3927 βούλονται
1223 3871 1284 3912 κα-

277 3939 484 4028 τασκευάζειν
508 3938 547 4010 δι’
571 3938 679 4012 ἀντῶν
698 3943 762 4013 τῶν
786 3945 993 4012 κατασκευῶν
1014 3939 1169 4040 ἀναιρεῖν.
1213 3950 1285 4017 Καί
