2782 4790
265 489 326 557 160

260 663 296 728 δὲ
312 656 350 728 τὸ
366 633 552 751 θεώρημά
544 661 601 724 καὶ
611 651 662 722 ἐπὶ
676 675 734 736 την
743 676 875 745 πρωτην
885 648 1119 774 φιλοσοφίαν“
1128 651 1182 732 a)
1167 671 1304 756 ευρη

259 786 337 842 οεις.
379 755 520 844 266666
539 756 604 851 γάρ
626 762 681 827 καὶ
698 783 718 824 ο
705 751 914 844 “θεόλογος,
935 751 1023 824 κατά
1043 755 1117 821 τίνα
1137 738 1304 845 τρόπον

256 861 320 933 666
335 889 392 946 της
402 888 558 956 προνοιας
585 861 840 952 διακυβερνάται
856 855 898 926 τά
916 860 949 926 ἐν
966 859 1012 924 66
1029 852 1140 948 κόσμῳ
1158 852 1266 980 πράγ-

254 991 365 1058 ματα,
387 968 477 1034 666’
461 967 522 1034 είτε
540 959 649 1032 πάντα
671 958 855 1082 ὡρισμένως
871 967 927 1029 καὶ
949 955 1023 1041 έξ’
1003 954 1147 1046 ανάγκης
1160 962 1266 1079 γίγνε

255 1097 313 1138 ται
333 1066 377 1136 τά
394 1064 591 1157 γιγνόμενα,
616 1061 783 1196 καθάπερ
804 1061 848 1132 τά
871 1065 922 1132 ἐπὶ
945 1064 1008 1132 τῶν
1025 1058 1173 1130 ἀίδίων
1157 1056 1266 1154 υποίρ-

253 1193 374 1262 χοντα,
409 1168 432 1254 6
458 1173 529 1238 ἐστι
556 1167 709 1240 τινὰκαὶ
736 1170 788 1236 ἐπὶ
816 1169 1027 1258 ἐνδεχομένων
1053 1166 1266 1253 ἐκβαίνοντα,

255 1266 300 1344 66
316 1272 376 1357 τὴν
396 1278 522 1362 γένεσιν
541 1275 593 1340 ἐπὶ
599 1268 761 1394 μερικάς
769 1267 922 1353 δηλονότι
940 1276 997 1338 καί
1017 1267 1136 1337 ἀλλοτε
1156 1265 1266 1347 άλλως

255 1373 434 1468 ἐχούσας
414 1377 523 1456 αιτίας
544 1371 677 1463 ἀνάγειν
699 1368 834 1460 ἀνάγκη.

318 1483 389 1548 Καὶ
417 1475 492 1547 οὐδὲ
519 1476 598 1556 τούς
628 1473 714 1546 πάνυ
745 1473 915 1556 ιδιωτικῶς
945 1477 1169 1565 διακειμένους
1199 1475 1266 1542 τῶν

256 1578 487 1676 ἀνθρώπωντ
471 1578 617 1710 ευρήσεις
644 1577 847 1669 ἀμελοῦντας
872 1579 932 1661 τῆς
959 1585 1033 1700 περὶ
1061 1575 1181 1646 τούτου
1204 1579 1267 1646 τοῦ

255 1680 477 1777 θεωρήματος
505 1684 713 1766 ἐννοίας,α
690 1679 778 1751 ἀίλά
803 1679 882 1762 τούς
908 1690 969 1772 μέν
999 1679 1042 1762 ὡς
1073 1677 1205 1750 πάντων
1234 1681 1268 1764 ἐξ

211 1771 216 1784 ⁸
255 1784 399 1876 ἀνάγκης
425 1791 624 1914 γιγνομένων
642 1783 711 1866 τάς
728 1783 841 1866 ἀιτίας
867 1775 911 1854 ὧν
936 1781 1187 1878 ἁμαρτάνουσιν
1214 1787 1267 1853 ἐπὶ

254 1889 315 1972 τὴν
332 1893 527 1982 έιμαρμὲνην
546 1886 582 1974 6
589 1885 649 1972 τὴν
669 1885 847 2015 πρόνοιαν,
869 1884 928 1971 τήν
948 1915 984 1956 τε
1005 1893 1109 1956 θείαν
1130 1894 1187 1955 666
1205 1885 1267 1970 τὴν

254 1990 473 2083 δαιμονίαν
453 1998 632 2114 αναφέρειν
656 1997 894 2084 πειρωμένους,
921 1987 1127 2084 καθάπερ
1111 2017 1130 2060 ο
1163 1987 1266 2060 ἀπαι-

254 2092 372 2238 δεύτως
392 2091 468 2188 παρ’
488 2091 626 2187 ‘06666
648 2099 749 2183 λέγων

328 2229 567 2250 -----
600 2195 720 2278 'Ey66'
743 2196 801 2258 οίικ
819 2197 953 2266 ἀίτιός
935 2212 1030 2279 ειμί
1016 2203 1045 2270 2)

327 2297 416 2362 Ἀλλά
434 2295 505 2366 Ζεὺς
524 2296 579 2359 καί
597 2299 704 2381 Μοῖρα
720 2297 809 2360 καί’
794 2299 970 2384 ηεροφοῖτις
983 2299 1129 2384 Ἐριννιίς.

256 2401 333 2484 τοὺς
351 2408 404 2487 δέ,
426 2399 469 2482 ὡς
488 2399 590 2471 ὅντων
607 2404 703 2471 τινῶν
720 2410 777 2472 καὶ
800 2399 948 2498 ἐφ’,ἦμῖν
958 2457 967 2488 ,
989 2399 1264 2493 ἀπομαχομένους

254 2516 314 2598 μὲν
336 2514 406 2587 τοῖς
426 2501 535 2575 πάντα
557 2501 816 2592 ἀναγκάζουσιν,
849 2503 1023 2590 ἀξιοῦντας
1047 2510 1081 2575 δέ
1106 2504 1196 2596 ἡμᾶς
1221 2503 1265 2586 ὡς

254 2605 488 2691 ἀυτοκινήτους
529 2609 680 2690 παιδείας
729 2635 764 2680 τι
806 2617 863 2680 καὶ
910 2606 1028 2703 ἀρετῆς
1076 2611 1263 2699 ἐπιμέλειαν

256 2719 442 2784 ποιεῖσθαι.

305 2916 540 3043 Too66666³
524 2923 582 2992 οὗν
613 2843 803 3012 δυναμιιί”
783 2925 925 3048 ἔχοντος
946 2923 1006 2993 τοῦ
1037 2917 1264 3016 θεωρήματος
1315 3005 1328 3028 ⁰

254 3019 337 3146 πρὸς
357 3020 467 3095 πάντα
491 3022 582 3115 ἡμῶν
603 3024 662 3095 τὸν
687 3026 808 3116 βίον
787 3033 986 3117 αναγκαῖον,
1021 3023 1166 3148 6606666
1198 3029 1265 3095 τῶν

253 3123 362 3198 πάντα
379 3125 572 3218 ἀναγκάζειν
594 3132 620 3211 ¹)
641 3135 846 3224 πειρωμένων
863 3127 970 3220 λόγων
988 3129 1066 3210 τοὺς
1082 3133 1265 3209 δοκοῦντας

253 3235 404 3326 παρέχειν
423 3229 499 3300 τινά
516 3237 586 3312 τοῖς
598 3229 777 3303 ἀκούουσιν
797 3231 941 3326 ἀπορίαν
960 3227 1134 3303 ἕκθέσθαί
1150 3261 1186 3302 τε
1207 3241 1266 3302 καὶ

254 3337 426 3404 διαλῦσαι·
449 3331 508 3414 δύο
527 3339 562 3404 δέ
584 3332 708 3404 τούτων
730 3335 851 3458 ὄντων,
873 3340 933 3406 τοῦ
952 3345 1012 3425 μέν
1027 3342 1263 3459 λογικωτέραν,

253 3440 369 3506 τοῦδέ
355 3436 814 3568 ὲπρριγματείωδεστέρου,
798 3449 894 3564 ομέν
916 3437 1194 3531 λογικώτερως
1157 3437 1265 3507 6006-

251 3566 344 3630 γεται
363 3536 406 3620 ὡς
431 3543 482 3608 έπί
503 3543 592 3620 Ιτινος
615 3537 707 3630 ἡμῶν
731 3545 907 3635 ἐνεργείας,
941 3540 1012 3612 6606
1033 3547 1092 3626 τῆς
1113 3540 1199 3611 κατά
1223 3543 1265 3611 τὸ

251 3645 396 3774 θερίζειν
424 3641 482 3712 τὸν
502 3639 626 3734 τρόπον
648 3644 775 3715 τοῦτον.
828 3641 879 3714 Ἐι
874 3651 1048 3768 θεριεῐς,
1085 3652 1188 3740 φησὶν
1209 3647 1264 3728 ²),

253 3743 323 3837 οάχὶ
341 3742 427 3834 τάχα
440 3753 501 3834 μὲν
520 3751 664 3874 θεριεῖς,
685 3743 771 3838 τάχα
788 3752 824 3817 δέ
847 3745 886 3819 06
908 3755 1053 3842 θεριεῑς,
1076 3745 1165 3818 ἀλλά
1178 3743 1264 3816 ποίν-

252 3876 316 3928 τως
333 3853 477 3941 θεριεῖς,
499 3854 554 3916 καὶ
573 3852 601 3916 ἐι
617 3847 663 3938 μὴ
683 3855 828 3943 θεριεῖς,
851 3850 922 3942 οὐχί
942 3849 1027 3942 τάχα
1041 3881 1066 3941 μ
1067 3860 1100 3919 έν
1119 3855 1263 3943 θεριεῖς,

237 3945 341 4038 ἀλλά
360 3947 489 4030 πάντως
511 3947 550 4019 06
573 3956 715 4043 θεριεῖς·
748 3952 836 4024 6666
854 3953 920 4044 μὴν
945 3955 978 4038 ἐξ
998 3951 1144 4041 ἀνάγκης
1161 3951 1184 4036 6
1208 3979 1263 4021 τοι

253 4059 396 4147 θεριεῑς,
425 4049 446 4134 6
464 4051 502 4122 οὐ
524 4059 661 4146 θεριεῖς.
698 4052 880 4152 Ἀνῄρηται
902 4055 970 4150 ἀρα
991 4055 1029 4126 τὸ
1049 4053 1150 4146 τάχα,
1173 4058 1260 4146 έίπερ
