2782 4790
1091 441 1130 503 tt

121 615 207 666 stare
229 601 321 678 simul
343 612 467 684 potest,
505 613 539 665 nt
560 581 636 666 nihil
658 603 723 666 sine
747 617 838 668 causa
860 604 937 683 fiat,
969 619 999 670 et
1021 621 1124 674 tamen

119 727 171 769 res
193 705 241 768 sic
263 717 419 790 agantur,
444 705 524 767 sicut
545 725 604 767 nos
627 705 770 768 dicimus.
816 709 897 794 Nam
919 709 946 773 si
967 712 1123 776 abstinea-

119 797 189 870 mris
211 819 353 872 catenam
375 807 459 869 illam
482 827 645 869 causarum
667 819 793 872 nectere
815 821 847 871 et
869 809 973 874 dicere
995 812 1049 875 ubi
1070 813 1123 876 illa

65 931 67 939 ’
117 911 222 993 prima
242 910 479 993 processerint,
517 909 696 973 necessario
725 910 815 995 sequi
832 923 874 976 ea
897 935 978 996 quae
1001 936 1042 978 ex
1062 915 1125 978 illis

117 1023 153 1076 ut
175 1012 278 1076 causis
300 1011 371 1076 fieri
394 1025 542 1095 oportet,
580 1023 728 1096 tanquam
749 1014 781 1077 iu
810 1027 920 1097 suapte
949 1018 1125 1105 substantia

117 1116 182 1180 vim
203 1116 289 1180 illam
312 1116 464 1179 efficiendi
486 1115 735 1194 continentibus,
759 1119 815 1180 sed
835 1139 877 1180 ex
896 1118 934 1182 iis
950 1123 1031 1204 quas
1045 1121 1125 1185 fiunt

116 1231 148 1282 et
168 1218 352 1302 posteriora
373 1231 464 1296 sunt,
503 1239 612 1281 causas
635 1231 747 1282 corum
767 1221 946 1284 studeamus
967 1227 1122 1300 reddere,

115 1334 283 1404 praeterea
310 1333 346 1386 ut
371 1319 445 1386 illos
474 1343 660 1406 quaeramus
690 1335 816 1398 cautas,
862 1345 942 1407 quae
978 1327 1124 1392 dominae

115 1435 189 1488 sunt
221 1445 353 1503 eorum,
399 1446 480 1510 quae
511 1447 531 1488 a
558 1445 593 1490 se
620 1424 718 1502 fiunt,
764 1424 937 1490 videbimus
973 1427 1035 1491 iam
1063 1451 1123 1492 neo

116 1528 284 1612 quicquam
313 1547 422 1592 eorum
453 1549 533 1612 quae
564 1529 662 1605 fiunt,
696 1528 764 1592 sinc
794 1534 889 1593 'causa
909 1529 989 1594 heri
1016 1553 1122 1616 neque

115 1642 290 1714 propterca
312 1650 353 1693 ex
381 1631 568 1696 necessitate
597 1643 628 1696 et
655 1631 744 1696 fatali
771 1653 919 1696 connexu
939 1633 1010 1698 fieri
1039 1659 1121 1720 quac

114 1733 193 1797 fiu'nt
223 1731 342 1798 omnia.
405 1735 482 1798 Non
509 1734 593 1798 euim
620 1735 800 1799 necessario
823 1736 1057 1818 Sophroniseus
1080 1761 1122 1802 eo

114 1839 203 1921 quod
238 1847 304 1914 est,
353 1836 447 1900 etiam
474 1849 566 1920 pater
594 1850 661 1915 est,
700 1850 732 1902 et
764 1859 858 1902 causa
886 1839 1016 1904 alicuius
1047 1855 1125 1925 post

114 1939 230 2022 ipsum.
274 1939 321 2004 At
342 1937 370 2004 si
389 1961 518 2004 necesse
540 1940 601 2005 fuit
623 1942 907 2020 esse‘Socrutenr,¹
920 1943 982 2029 iam
1004 1966 1047 2008 ex
1067 1969 1125 2010 ne-

115 2043 260 2107 cessitate
283 2043 519 2126 Sophrouiscus
542 2064 637 2106 causa
658 2045 688 2108 ei
708 2056 757 2108 est
778 2067 836 2108 cur
856 2046 1000 2111 exsistat.
1035 2049 1124 2113 Sicut

116 2147 220 2224 enim,
249 2167 315 2209 uon
337 2146 411 2229 quia
432 2147 668 2210 fundamentum
691 2159 756 2224 est,
790 2168 918 2212 necesse
940 2162 989 2213 est
1011 2163 1043 2214 et
1064 2155 1123 2216 do·

116 2251 198 2312 rn‘um
221 2271 313 2326 esse,
351 2251 408 2313 sed
429 2249 457 2314 si
479 2252 590 2313 domus
612 2249 669 2327 sit,
708 2250 838 2344 omuino
859 2265 989 2342 necesse
1010 2266 1058 2317 cst
1078 2255 1124 2320 ia·

115 2364 200 2415 ctum
222 2373 293 2416 esse
313 2353 566 2430 fundamentum,
603 2352 648 2416 ita
677 2353 770 2417 etiam
793 2354 1033 2420 existimandum
1055 2370 1120 2435 cst,

115 2454 145 2516 iu
167 2455 213 2518 cis
236 2476 317 2538 quae
338 2468 451 2518 natura
472 2456 569 2532 fiunt,
593 2477 703 2519 causas
726 2478 760 2520 se
781 2459 900 2523 habere
914 2461 1120 2539 necessarias,

115 2579 177 2621 non
201 2558 290 2642 quot
310 2558 371 2621 illis
392 2557 501 2640 primis
522 2559 636 2642 positis
658 2561 838 2625 necessario
854 2561 896 2624 sit
910 2583 1120 2647 consequens,
1142 2641 1143 2644 Ἴ

114 2673 149 2724 ut
168 2660 240 2724 illas
263 2660 437 2745 aliquarum
464 2683 571 2726 rerum
601 2663 662 2726 sint
695 2677 847 2741 causae,·
868 2667 925 2728 sed
952 2668 1040 2749 quod
1065 2665 1122 2732 uhi

114 2763 295 2847 posteriora
327 2784 480 2842 evenere,
521 2765 701 2831 necessario
730 2767 865 2829 habeant
892 2789 967 2832 suas
998 2791 1122 2834 causas.

115 2869 195 2932 Sunt
216 2867 298 2930 enim
322 2871 474 2952 quaedam
495 2889 607 2932 eorum
628 2891 708 2954 quae
729 2870 809 2934 fiunt
830 2869 984 2935 eiusmodi
997 2885 1033 2935 ut
1047 2895 1122 2936 cau·

114 2993 179 3034 sam
209 2971 336 3054 quidem
363 2971 516 3049 habeant,
560 2994 626 3036 non
664 2985 768 3036 tamen
798 2973 964 3056 propriam
993 2975 1053 3039 sibi
1082 2998 1120 3040 ac

114 3073 342 3166 pripcipalem,
373 3078 429 3138 scd
449 3086 484 3138 ut
505 3096 564 3139 nos
586 3075 676 3160 loqui
697 3074 856 3152 solemus,
880 3097 940 3158 per
962 3079 1122 3143 accessio·

114 3197 199 3242 nem.
243 3179 337 3241 Nam·
358 3180 523 3242 thesaurus
556 3178 702 3242 inventus
733 3180 772 3241 ab
805 3197 844 3242 eo
878 3179 933 3262 qui
961 3181 1121 3263 plantandi

114 3303 212 3346 causa
232 3281 394 3358 fodiebat,
432 3281 528 3346 hahet
549 3282 674 3367 qrridem
695 3281 773 3344 illud
792 3283 906 3345 fodere
927 3300 990 3365 pro
1012 3304 1119 3360 causa,

115 3388 259 3449 sednon
280 3385 437 3468 propria,
475 3405 534 3448 nec
555 3407 635 3469 quae
657 3395 692 3448 ut
713 3385 790 3448 illud
811 3385 917 3460 fieret,
943 3385 1121 3449 destinaba-

113 3497 179 3551 tur.
225 3488 320 3569 Quae·
337 3488 419 3551 enim
441 3489 573 3570 proprie
595 3501 667 3552 sunt
689 3509 818 3565 causae,
857 3499 911 3550 aut
936 3499 1057 3552 tantum
1079 3511 1121 3554 ex

113 3591 297 3654 necessit-ate
319 3603 439 3676 agamt,
463 3604 498 3654 ut
519 3591 579 3654 illis
600 3594 726 3674 placet,
752 3604 805 3655 aut
826 3603 912 3654 certe
933 3591 1120 3678 plerumque

110 3707 359 3778 'consequentem
373 3696 491 3758 habent
506 3695 595 3758 aliam
611 3717 753 3758 causam:
777 3708 808 3758 at
822 3701 910 3780 tquae
930 3717 990 3778 per
1011 3717 1118 3760 acces·

113 3797 234 3862 sionem
249 3787 361 3861 causae
375 3809 458 3875 sunt,
483 3819 520 3861 ea
534 3821 614 3862 raro
625 3799 733 3862 talium
747 3811 819 3862 sunt
841 3819 946 3862 causa.
970 3799 1077 3880 Quare
1091 3800 1122 3863 si

114 3903 153 3964 ad
166 3901 238 3964 eum
253 3895 426 3986 loquuntur
440 3905 579 3980 modum,
604 3901 696 3965 simul
711 3903 815 3966 dicere
833 3914 966 3984 possunt
988 3915 1020 3965 et
1041 3901 1130 3964 nihil-

110 4003 180 4067 'sine
201 4025 297 4069 causa
317 4004 441 4069 uertet
461 4017 565 4070 tamen
587 4008 737 4090 quaedam
765 4004 835 4068 fieri
866 4006 953 4072 sorte
985 4006 1116 4072 fortuna
