2828 4792
1100 367 1141 432 25

134 539 214 625 luga
236 545 268 602 et
289 549 385 600 cursu
399 533 540 602 'dominis
572 533 636 600 suis
658 533 752 600 lieret
772 533 900 600 obrius.
944 533 1029 617 Quid
1061 556 1141 602 vero

139 663 223 725 opus
245 641 339 724 plura
361 641 486 704 adferre
506 639 669 722 exempla,
708 649 761 701 aut
777 637 950 702 'minutiora
969 637 1030 703 itta
1051 660 1144 702 exse·

139 743 217 830 quil
248 743 329 808 Satis
352 743 432 806 eninr
448 753 605 827 ,quaedum
626 740 768 804 instinrto
791 741 957 819 convenit,
982 753 1142 808 ostensum

138 859 188 912 est
203 869 269 932 quo
290 846 450 918 intellectu
470 846 531 908 ista
552 844 708 909 vocabula
728 856 932 926 usurpentur.
962 845 1044 912 Cum
1062 868 1143 933 ergo

138 967 222 1036 quae
250 950 381 1028 fortuna
408 969 551 1032 quaeque
581 967 656 1012 casu
683 947 783 1023 firmt,
820 947 896 1012 talia
925 948 987 1012 sint
1014 962 1049 1014 ut
1081 974 1145 1018 non

137 1054 217 1118 flant
239 1075 280 1117 ex
301 1055 501 1116 antecedente
523 1071 615 1114 causa
635 1049 803 1132 principali
831 1053 923 1130 (sunt
951 1054 1032 1118 enim
1054 1077 1144 1122 casus

138 1169 170 1220 et
193 1157 325 1220 fortuna
344 1155 377 1218 in
398 1154 436 1218 iis
458 1152 580 1236 posita,
614 1173 695 1236 quae
716 1173 793 1216 raro
815 1145 1068 1222 antecedentdnu
1091 1183 1146 1224 su·

138 1258 371 1345 perveniunt‚)
401 1260 564 1340 quomodo
587 1277 699 1320 eorum
721 1276 801 1338 quae
824 1255 957 1321 diximus
979 1261 1146 1344 quicquam

127 1361 263 1446 *poterit
285 1361 411 1424 defendi
432 1381 473 1424 ex
502 1371 614 1424 eorum
644 1359 816 1436 sententia,
851 1360 906 1444 qui
935 1363 1039 1428 omnia
1067 1388 1147 1450 quae

126 1477 217 1541 ‘sunt
241 1486 384 1548 quaeque
405 1465 483 1527 fiunt
511 1463 647 1526 existere
670 1464 802 1524 credunt
824 1483 865 1526 ex
886 1467 1069 1547 antepositis
1091 1493 1148 1534 ne·

141 1567 382 1650 cessitatemque
405 1566 628 1630 adducentibus
650 1565 770 1642 causis,
800 1565 843 1630 ita
868 1578 903 1630 ut
924 1567 1072 1654 quicquid
1092 1574 1147 1654 fit,

128 1673 188 1748 ‚ihi
211 1670 304 1735 etiarn
327 1672 460 1734 alterum
481 1669 559 1732 illud
586 1669 662 1752 quin
690 1667 747 1744 sit,
787 1691 911 1734 causam
943 1673 1004 1736 iam
1035 1677 1151 1744 babeat

129 1775 349 1850 ¹anteiretam‚
388 1792 469 1857 quae
496 1772 551 1836 ubi
580 1777 628 1836 est
660 1785 713 1834 aut
734 1773 788 1850 tit,
825 1773 870 1838 ibi
896 1772 988 1839 etiarn
1018 1778 1150 1845 alterurn

130 1880 223 1944 ¹illud
244 1877 321 1962 quin
343 1877 383 1940 sit
404 1887 458 1940 aut
484 1875 541 1938 fiat
570 1874 669 1960 effugi
695 1875 853 1960 nequeat?
894 1877 1019 1944 Deinde
1047 1883 1151 1948 dicere

131 1983 240 2066 ideo,
276 1981 364 2064 quod
383 1999 498 2043 nomen
518 1979 667 2044 fortunae
688 1999 753 2046 non
775 1979 905 2044 tollatur
938 1983 978 2045 ab
1004 1984 1059 2062 iis,
1098 1991 1153 2072 qui

132 2096 266 2158 ,cuncta
287 2080 470 2146 necessitate
491 2080 684 2144 ineluctabili
704 2079 774 2143 fieri
788 2082 987 2163 existimant,
1012 2099 1043 2150 et
1052 2089 1154 2172 ipsam

97 2266 101 2271 ι
147 2208 279 2274 quoque
300 2186 461 2250 fortunam
483 2186 524 2247 ab
545 2183 582 2248 iis
604 2203 669 2246 non
690 2181 778 2261 tolli,
803 2196 835 2247 et
856 2199 955 2250 semet
975 2201 1008 2252 et
1029 2195 1154 2260 audito-

146 2313 198 2355 res
224 2288 419 2366 cavillatorie
448 2285 673 2351 ludificantium
696 2297 756 2350 est.
799 2287 838 2352 Id
859 2289 940 2354 enirn
962 2293 988 2356 si
1011 2297 1155 2363 admitta-

147 2407 216 2471 tur,
240 2391 318 2456 nibil
339 2389 522 2474 prohibebit
544 2389 647 2454 dicere
668 2389 751 2457 idem
773 2410 841 2455 esse
864 2393 978 2458 Fatum
996 2392 1031 2462 “et
1050 2402 1157 2468 fortu-
1178 2387 1180 2398 ’

86 2485 88 2494 ’
148 2520 243 2574 narn,
285 2507 468 2577 tantumque
497 2494 607 2556 abesse
634 2503 670 2556 ut
691 2493 810 2576 quiite
831 2496 961 2576 sentiat,
995 2502 1156 2571 fortunam

148 2602 263 2678 tollat,
285 2609 321 2660 ut
343 2597 436 2660 etiam
458 2608 570 2658 cuncta
590 2617 671 2680 quae
692 2597 789 2674 fiunt,
818 2600 905 2664 forte
924 2597 1054 2669 fortuna
1075 2609 1157 2677 dicat
1187 2683 1190 2692 1

150 2704 235 2770 lieri.
281 2701 446 2766 Sedenim
468 2699 591 2764 suffiicit
613 2702 700 2782 quod
720 2699 777 2764 illa
799 2703 908 2782 tollat,
939 2693 980 2768 ad
1006 2729 1087 2792 quae
1112 2689 1158 2778 ¹si.

153 2808 332 2894 gnificanda
351 2826 443 2894 casus
466 2814 498 2866 et
524 2803 671 2867 fortunae
693 2805 850 2868 vocabula
876 2812 1022 2891 usurpari
1043 2815 1159 2882 solent.

154 2911 242 2993 Quid
264 2909 346 2973 enirn
368 2917 465 2992 agunt
487 2906 570 2970 aliud
592 2906 646 2988 qui
666 2907 827 2970 somonam
842 2920 874 2972 et
889 2931 994 2976 casum
1010 2916 1160 2984 definiunt

154 3035 282 3078 eausam
303 3013 457 3074 humanae
478 3007 593 3072 rationi
614 2996 780 3083 latentem,
816 3024 870 3074 aut
892 3013 983 3077 etiam
1005 3024 1160 3101 quandam

51 3123 56 3137 '
154 3115 420 3202 significationem
440 3111 516 3194 ipsis
537 3111 701 3194 propriam
730 3132 768 3174 ac
796 3113 986 3195 peculiarem
1013 3120 1161 3188 fortunae

141 3219 232 3294 ,voci
253 3239 315 3308 pro
338 3214 469 3292 arbitrio
491 3215 669 3303 imponunt.
701 3215 804 3298 'uam
833 3219 920 3300 quod
949 3221 1091 3304 quidam,
1126 3239 1164 3290 nt
1256 3243 1282 3264 0

155 3325 239 3387 hane
260 3342 377 3387 novam
397 3316 591 3382 locutionem
611 3329 776 3394 tueantur,
810 3319 895 3382 aiunt
925 3344 999 3386 casu
1028 3326 1163 3410 aliquem

158 3437 350 3512 aegrotare,
385 3419 441 3484 ubi
461 3419 573 3505 ignota
593 3431 641 3504 est
661 3421 735 3484 mali
763 3443 872 3499 eausa,
913 3423 946 3488 id
966 3426 1078 3491 falsum
1102 3444 1163 3498 est.

158 3533 242 3595 Nam
264 3549 329 3592 non
350 3526 393 3589 ita
413 3525 587 3607 loquuntur
607 3523 767 3599 homines,
798 3525 854 3588 ubi
875 3537 922 3590 est
943 3530 1069 3611 quidem
1090 3557 1166 3598 cau·-
1214 3567 1216 3570 ·

161 3655 214 3714 sa,
250 3633 308 3695 sed
327 3627 402 3712 ipsis
425 3627 553 3712 ignotam
586 3627 642 3689 scd
670 3647 751 3708 quae
771 3640 882 3710 putant
903 3630 969 3694 sine
992 3633 1166 3703 causasibi

150 3735 325 3821 accidere,
360 3735 399 3794 de
425 3730 462 3794 iis
493 3750 583 3792 casus
605 3749 720 3792 nomen
741 3743 907 3812 usurpant.
951 3736 1063 3820 Neque
1091 3762 1166 3804 sane

164 3851 252 3903 recte
281 3837 402 3924 dicatur
430 3855 505 3898 casu
526 3831 686 3918 quippiam
710 3833 851 3900 evenisse
873 3835 929 3912 ubi
950 3859 1043 3903 causa
1065 3843 1168 3905 credi·

166 3956 217 4024 tur
240 3962 328 4016 esse,
351 3941 406 4004 sed
428 3958 508 4022 quae
530 3937 571 4003 sit
593 3934 772 4020 quaeritur:
797 3941 852 4004 sed
875 3943 962 4029 quod
983 3943 1052 4026 quis
1067 3937 1167 4013 credit
