2804 4786
954 415 957 426 ¹
1068 422 1130 486 269

884 503 897 538 Χ

152 595 186 675 9)
215 583 313 672 άςτε
347 590 439 670 καὶ]
483 591 532 656 lta
560 589 668 656 Havn.
699 587 940 684 M0n20asel.
970 583 1056 660 ὅθεν
1076 598 1133 659 καὶ
1179 599 1188 619 ·

217 697 351 761 Aldinae
373 708 404 759 et
424 698 534 759 Lond.
1139 686 1148 695 ’

133 802 187 880 10)
219 795 293 868 οὐκ
314 795 379 866 ἀεὶ
400 796 588 885 γίνεται]
625 791 685 864 οὐκ
713 795 817 862 addidi
845 810 974 864 auctore
1007 799 1134 863 Schult-

215 902 321 967 hessio
343 914 444 967 totum
465 903 570 965 locum
592 899 637 963 sie
660 913 820 964 vertente:
869 905 917 968 Ob
944 903 1032 966 wohl
1055 903 1132 965 also

220 1005 274 1069 die
294 1005 409 1068 Natur
435 1013 534 1068 enter
557 1004 709 1068 Geselzen
738 1006 842 1085 steht,
883 1003 937 1068 die
964 1002 1034 1065 alle
1062 1002 1134 1078 ihre

216 1102 474 1186 Begebenheiten
502 1125 546 1166 zu
573 1102 765 1166 bestimmen
798 1104 969 1178 seheinen,
1004 1121 1041 1163 so
1075 1121 1135 1183 ge-

218 1205 363 1267 sehehen
379 1202 467 1266 doeh
485 1203 580 1264 nieht
595 1203 666 1266 alle
689 1201 759 1284 und
770 1201 850 1280 jede
873 1199 1133 1280 Regebenheeen

218 1301 278 1366 der
296 1299 412 1364 Natur
431 1301 577 1364 allemal
595 1301 687 1363 nach
708 1300 819 1364 diesen
841 1299 1004 1364 (ἔσταλται.
1048 1298 1123 1378 (0.)

132 1401 186 1482 11)
215 1403 379 1468 καὶτοῦ
405 1387 519 1491 παρά
548 1394 702 1493 φύσιν]
746 1398 799 1462 sie
821 1400 898 1463 Ald.
923 1400 954 1464 2.
974 1411 1006 1464 et
1022 1401 1134 1465 Lond.

217 1504 398 1568 Artieulfim
423 1504 570 1568 omittunt
591 1504 671 1569 Ald.
694 1503 725 1566 2.
750 1514 781 1566 et
803 1501 910 1567 Casel.

132 1605 212 1688 ssa)
234 1598 363 1697 ὥςπερ
385 1613 454 1674 καὶ
476 1609 515 1673 ἐν
537 1611 628 1684 τοῖς
648 1602 757 1673 κατά
777 1602 843 1688 τὴν
863 1605 1034 1694 τέχνην]
1063 1605 1133 1670 An·

214 1728 279 1772 uon
300 1711 519 1794 supplendum·
537 1701 639 1799 ὥςπερ
667 1715 723 1777 καὶ
748 1710 782 1776 ἓν
809 1713 879 1786 τοῖς
908 1705 994 1776 κατά
1021 1712 1136 1796 τέχνην

72 1863 75 1870 .
215 1813 274 1880 τοῦ
294 1808 387 1904 παρά
408 1813 542 1902 τέχνηνὶ
585 1813 658 1894 (O.)

131 1917 186 2002 12)
215 1917 250 1982 ἐκ
278 1911 418 2006 χώραν
449 1915 555 2006 ἔχει]
605 1916 683 1980 Ald.
707 1915 739 1979 2.
763 1915 791 1981 ἐι
812 1908 925 2004 χώραν
948 1913 1027 2002 ἔχοι.
1070 1913 1134 1980 sed

89 2009 91 2014 ’
215 2039 349 2102 sequens
371 2019 459 2085 ἐστὶν
479 2031 512 2084 et
533 2020 586 2084 hie
606 2015 815 2084 Indieativum
835 2017 971 2102 flagitat.
1017 2018 1090 2098 (Ο.)

131 2139 185 2222 13)
213 2146 280 2206 καὶ
303 2136 375 2222 τὴν
396 2137 729 2232 καταστροφὴν]
761 2141 923 2204 ItaMon.
948 2151 979 2202 et
1001 2139 1132 2206 Α11.2.

215 2256 246 2309 et
269 2241 377 2308 Casel.
400 2244 602 2328 sequentibus
624 2244 741 2329 Bagol.
765 2255 797 2307 et
818 2244 864 2306 H.
889 2242 1018 2308 Grotio.
1053 2242 1131 2308 Ald.

215 2349 247 2410 1.
270 2360 301 2411 et
319 2349 428 2413 Lond.
451 2353 507 2414 καὶ
528 2351 563 2413 αἱ
584 2350 833 2438 καταστροφαὶ,
856 2367 949 2430 quam
963 2345 1133 2409 lectionem
1168 2377 1171 2380 ·

213 2451 246 2514 in
268 2451 415 2516 versione
436 2473 492 2515 sua
513 2449 663 2534 exprimit
684 2450 879 2513 Schulthess.
942 2452 1036 2515 Denn
1067 2470 1133 2512 von

218 2552 324 2618 dieser
341 2555 436 2616 τοῖσι
457 2556 492 2616 in
513 2554 576 2618 den
595 2554 730 2628 meisten
744 2549 867 2616 Fellen
881 2549 934 2614 die
954 2547 1133 2614 besondere

146 2657 149 2662 '
217 2651 287 2716 Art
295 2655 364 2732 her,
382 2655 440 2717 wie
453 2649 647 2732 e'inesjeden
656 2649 839 2716 Menselzen
847 2647 1130 2728 Lebenhinfliesst

218 2752 289 2814 und
305 2756 361 2816 ein
380 2749 472 2818 Ende
490 2756 619 2817 nimmt.
664 2751 737 2832 (0.)

132 2849 186 2929 11)
212 2843 391 2941 Ὁρῶμεκ
411 2853 534 2939 γοῦν]
567 2855 644 2918 Ald.
668 2856 699 2916 2.
719 2849 861 2942 Ὁρῶμεν
882 2847 950 2944 (ξῦν.

133 2953 187 3031 15)
209 2957 278 3018 καὶ
299 2955 518 3046 φθοραῖς]
553 2957 630 3020 Ald.
654 2957 686 3018 2.
710 2961 765 3022 καὶ
786 2957 819 3022 ἐν
840 2958 1005 3046 φθοραῖς.
1073 2936 1080 2953 ’

133 3052 187 3132 16)
217 3051 442 3140 συστάσει]
479 3060 575 3123 Mon.
598 3051 809 3124 καταστάσει.
840 3137 844 3144 Ρ

133 3154 188 3236 17)
210 3150 256 3220 οὗ
277 3154 356 3242 μὴν
377 3161 418 3242 ἕξ
437 3157 642 3248 ἀνάγκης]
678 3159 807 3226 Plenius
829 3159 924 3224 Mon.
948 3152 987 3224 οὐ
1007 3153 1074 3242 μὴν
1095 3153 1130 3224 ὁ·

134 3249 146 3268 “
215 3257 317 3345 μοι’ως
338 3262 389 3327 ἐπὶ
409 3257 553 3345 πάντων,
575 3260 642 3332 οὐδ’
666 3263 699 3344 ἐξ
719 3258 862 3349 ἀνάγκης
884 3263 971 3344 quod
986 3259 1041 3324 vix
1055 3259 1132 3324 mihi

105 3447 115 3464 β
176 3378 179 3390 ·
216 3371 393 3446 temperare
413 3366 503 3448 potui
524 3368 598 3454 quin
618 3366 650 3432 in
671 3377 793 3430 textum
812 3363 1000 3446 reciperem.
1036 3363 1111 3444 (Ο.)

134 3465 187 3548 18)
207 3470 278 3532 καὶ
300 3461 431 3559 ἀέρων
450 3461 717 3555 ὑπαλλαγαὶ]
752 3469 842 3533 Idem
856 3467 952 3530 Mon.
976 3467 1030 3530 καὶ
1050 3465 1132 3552 βίον
1188 3531 1190 3538 .

217 3563 416 3656 ὑπαλλαγαὶ.
457 3571 559 3635 Male.
603 3570 677 3652 (O.)

134 3672 188 3756 19)
217 3679 285 3740 καὶ
307 3675 551 3760 συμβουλαὶ
572 3673 704 3753 θεῶν]
748 3675 800 3738 Sic
830 3693 893 3758 pro
916 3671 1131 3760 συμβουλίαο,

148 3835 152 3850 l
219 3779 306 3860 quod
321 3797 361 3840 ex
376 3777 515 3841 Eusebio
530 3777 625 3841 habet
640 3773 733 3838 editio
748 3775 856 3838 Lond.
871 3775 953 3841 edidi
965 3799 1005 3838 ex
1019 3777 1130 3838 Havn.

218 3879 360 3958 Aldine,
385 3892 416 3944 ct
437 3879 576 3946 Caselio.
598 3877 748 3944 Ceterum
769 3889 881 3941 auctor
902 3879 1059 3963 respicere
1081 3860 1129 3942 τὶ-

218 3983 309 4049 detut
341 3983 380 4048 ad
411 3983 539 4052 oracula
574 3981 638 4052 vel,
659 3981 751 4050 etiam
787 3983 826 4047 ad
857 3979 1070 4050 incubatione
1097 3982 1130 4048 in
