<?xml version="1.0" encoding="UTF-8"?>
<!DOCTYPE html PUBLIC "-//W3C//DTD XHTML 1.0 Transitional//EN"
    "http://www.w3.org/TR/xhtml1/DTD/xhtml1-transitional.dtd">
<html xmlns="http://www.w3.org/1999/xhtml" xml:lang="en" lang="en">
 <head>
  <title>
</title>
<meta http-equiv="Content-Type" content="text/html;charset=utf-8" />
  <meta name='ocr-system' content='tesseract 3.04.00' />
  <meta name='ocr-capabilities' content='ocr_page ocr_carea ocr_par ocr_line ocrx_word'/>
</head>
<body>
  <div class='ocr_page' id='page_1' title='image "./alexandriaphrod01bardgoog_0153.png"; bbox 0 0 2782 4790; ppageno 0'>
   <div class='ocr_carea' id='block_1_1' title="bbox 1024 383 1037 408">
    <p class='ocr_par' dir='ltr' id='par_1_1' title="bbox 1024 383 1037 408">
     <span class='ocr_line' id='line_1_1' title="bbox 1024 383 1037 408; baseline 0 0"><span class='ocrx_word' id='word_1_1' title='bbox 1024 383 1037 408; x_wconf 59' lang='grc' dir='ltr'>ἱ</span> 
     </span>
    </p>
   </div>
   <div class='ocr_carea' id='block_1_2' title="bbox 185 563 1289 4065">
    <p class='ocr_par' dir='ltr' id='par_1_2' title="bbox 185 563 1289 4065">
     <span class='ocr_line' id='line_1_2' title="bbox 278 563 1283 671; baseline 0.004 -28"><span class='ocrx_word' id='word_1_2' title='bbox 278 574 355 655; x_wconf 87' lang='grc' dir='ltr'><em>τούς</em></span> <span class='ocrx_word' id='word_1_3' title='bbox 369 574 413 644; x_wconf 78' lang='grc' dir='ltr'><em>τόι</em></span> <span class='ocrx_word' id='word_1_4' title='bbox 426 571 532 671; x_wconf 78' lang='grc' dir='ltr'><em>ψεύδη</em></span> <span class='ocrx_word' id='word_1_5' title='bbox 544 577 817 661; x_wconf 67' lang='grc' dir='ltr'><strong><em>πεπιστευμένους</em></strong></span> <span class='ocrx_word' id='word_1_6' title='bbox 827 571 944 662; x_wconf 84' lang='grc' dir='ltr'><em>λέγειν)</em></span> <span class='ocrx_word' id='word_1_7' title='bbox 959 573 1051 658; x_wconf 77' lang='grc' dir='ltr'><em>ἄξιον</em></span> <span class='ocrx_word' id='word_1_8' title='bbox 1063 563 1283 664; x_wconf 76' lang='grc' dir='ltr'><em>ἧμᾶςίίνωθιν</em></span> 
     </span>
     <span class='ocr_line' id='line_1_3' title="bbox 262 674 1284 779; baseline 0.002 -33"><span class='ocrx_word' id='word_1_9' title='bbox 262 676 479 779; x_wconf 31' lang='grc' dir='ltr'><em>Ιιίρξαμένους</em></span> <span class='ocrx_word' id='word_1_10' title='bbox 499 678 578 746; x_wconf 83' lang='grc' dir='ltr'><em>ίὸεῐν</em></span> <span class='ocrx_word' id='word_1_11' title='bbox 593 680 642 757; x_wconf 86' lang='grc' dir='ltr'><em>τίς</em></span> <span class='ocrx_word' id='word_1_12' title='bbox 656 681 735 745; x_wconf 87' lang='grc' dir='ltr'><em>ποτέ</em></span> <span class='ocrx_word' id='word_1_13' title='bbox 757 681 845 746; x_wconf 80' lang='grc' dir='ltr'><em>ἐστιν</em></span> <span class='ocrx_word' id='word_1_14' title='bbox 861 674 883 759; x_wconf 82' lang='grc' dir='ltr'><strong><em>ἡ</em></strong></span> <span class='ocrx_word' id='word_1_15' title='bbox 902 676 1002 772; x_wconf 77' lang='grc' dir='ltr'><em>φύσις</em></span> <span class='ocrx_word' id='word_1_16' title='bbox 1023 686 1079 746; x_wconf 89' lang='grc' dir='ltr'><em>καὶ</em></span> <span class='ocrx_word' id='word_1_17' title='bbox 1097 683 1130 747; x_wconf 81' lang='grc' dir='ltr'><em>ἐν</em></span> <span class='ocrx_word' id='word_1_18' title='bbox 1152 682 1218 748; x_wconf 92' lang='grc' dir='ltr'><em>τίσι</em></span> <span class='ocrx_word' id='word_1_19' title='bbox 1234 689 1284 748; x_wconf 80' lang='grc' dir='ltr'><em>καί</em></span> 
     </span>
     <span class='ocr_line' id='line_1_4' title="bbox 276 777 1284 873; baseline 0 -23"><span class='ocrx_word' id='word_1_20' title='bbox 276 787 371 873; x_wconf 82' lang='grc' dir='ltr'><em>μέχρι</em></span> <span class='ocrx_word' id='word_1_21' title='bbox 388 778 495 850; x_wconf 89' lang='grc' dir='ltr'><em>πόσου</em></span> <span class='ocrx_word' id='word_1_22' title='bbox 517 780 576 864; x_wconf 77' lang='grc' dir='ltr'><em>τὴν</em></span> <span class='ocrx_word' id='word_1_23' title='bbox 599 779 692 869; x_wconf 83' lang='grc' dir='ltr'><em>ἰσχύν</em></span> <span class='ocrx_word' id='word_1_24' title='bbox 712 781 787 870; x_wconf 81' lang='grc' dir='ltr'><em>ἔχει.</em></span> <span class='ocrx_word' id='word_1_25' title='bbox 828 783 900 848; x_wconf 84' lang='grc' dir='ltr'><em>Καὶ</em></span> <span class='ocrx_word' id='word_1_26' title='bbox 920 777 1054 870; x_wconf 81' lang='grc' dir='ltr'><em>πρῶτόν</em></span> <span class='ocrx_word' id='word_1_27' title='bbox 1067 809 1102 868; x_wconf 87' lang='grc' dir='ltr'><em>γε</em></span> <span class='ocrx_word' id='word_1_28' title='bbox 1120 790 1193 873; x_wconf 85' lang='grc' dir='ltr'><em>περὶ</em></span> <span class='ocrx_word' id='word_1_29' title='bbox 1209 791 1284 850; x_wconf 84' lang='grc' dir='ltr'><em>ποῖα</em></span> 
     </span>
     <span class='ocr_line' id='line_1_5' title="bbox 277 879 1285 976; baseline 0.001 -25"><span class='ocrx_word' id='word_1_30' title='bbox 277 889 342 953; x_wconf 80' lang='grc' dir='ltr'><em>τῶν</em></span> <span class='ocrx_word' id='word_1_31' title='bbox 363 883 465 953; x_wconf 81' lang='grc' dir='ltr'><em>ὄντων</em></span> <span class='ocrx_word' id='word_1_32' title='bbox 486 889 529 966; x_wconf 82' lang='lat'><em>¹⁰)</em></span> <span class='ocrx_word' id='word_1_33' title='bbox 552 881 687 971; x_wconf 79' lang='grc' dir='ltr'><em>ε’ύλογον</em></span> <span class='ocrx_word' id='word_1_34' title='bbox 704 879 807 965; x_wconf 78' lang='grc' dir='ltr'><em>σίντην</em></span> <span class='ocrx_word' id='word_1_35' title='bbox 826 887 928 970; x_wconf 82' lang='grc' dir='ltr'><em>λέγειν</em></span> <span class='ocrx_word' id='word_1_36' title='bbox 942 887 1041 962; x_wconf 78' lang='grc' dir='ltr'><em>ε’ῑναι,</em></span> <span class='ocrx_word' id='word_1_37' title='bbox 1063 880 1285 976; x_wconf 71' lang='grc' dir='ltr'><em>ὃιασκεψιίμε·</em></span> 
     </span>
     <span class='ocr_line' id='line_1_6' title="bbox 277 982 1287 1080; baseline 0.002 -26"><span class='ocrx_word' id='word_1_38' title='bbox 277 993 350 1055; x_wconf 81' lang='grc' dir='ltr'><em>θα·</em></span> <span class='ocrx_word' id='word_1_39' title='bbox 372 990 470 1054; x_wconf 85' lang='grc' dir='ltr'><em>τοῦτο</em></span> <span class='ocrx_word' id='word_1_40' title='bbox 486 986 549 1078; x_wconf 81' lang='grc' dir='ltr'><em>γὰρ</em></span> <span class='ocrx_word' id='word_1_41' title='bbox 572 985 717 1080; x_wconf 72' lang='grc' dir='ltr'><em>φανερὸν</em></span> <span class='ocrx_word' id='word_1_42' title='bbox 734 982 907 1074; x_wconf 85' lang='grc' dir='ltr'><em>γενόμενον</em></span> <span class='ocrx_word' id='word_1_43' title='bbox 931 985 995 1077; x_wconf 86' lang='grc' dir='ltr'><em>πρὸ</em></span> <span class='ocrx_word' id='word_1_44' title='bbox 1018 989 1114 1077; x_wconf 86' lang='grc' dir='ltr'><em>ἔργου</em></span> <span class='ocrx_word' id='word_1_45' title='bbox 1138 990 1177 1071; x_wconf 83' lang='lat'><em>¹¹)</em></span> <span class='ocrx_word' id='word_1_46' title='bbox 1199 985 1287 1074; x_wconf 79' lang='grc' dir='ltr'><em>γενή-</em></span> 
     </span>
     <span class='ocr_line' id='line_1_7' title="bbox 278 1086 1286 1182; baseline -0.002 -24"><span class='ocrx_word' id='word_1_47' title='bbox 278 1115 372 1158; x_wconf 85' lang='grc' dir='ltr'><em>σεται</em></span> <span class='ocrx_word' id='word_1_48' title='bbox 392 1088 547 1182; x_wconf 77' lang='grc' dir='ltr'><em>καὶπρὸς</em></span> <span class='ocrx_word' id='word_1_49' title='bbox 568 1089 611 1156; x_wconf 84' lang='grc' dir='ltr'><em>τίι</em></span> <span class='ocrx_word' id='word_1_50' title='bbox 629 1088 715 1156; x_wconf 78' lang='grc' dir='ltr'><em>ἄλλα</em></span> <span class='ocrx_word' id='word_1_51' title='bbox 737 1086 780 1156; x_wconf 86' lang='grc' dir='ltr'><em>τύι</em></span> <span class='ocrx_word' id='word_1_52' title='bbox 801 1086 981 1178; x_wconf 77' lang='grc' dir='ltr'><em>ζητούμενα</em></span> <span class='ocrx_word' id='word_1_53' title='bbox 998 1097 1070 1180; x_wconf 85' lang='grc' dir='ltr'><em>περὶ</em></span> <span class='ocrx_word' id='word_1_54' title='bbox 1083 1087 1197 1172; x_wconf 79' lang='grc' dir='ltr'><em>ύυτῆς.</em></span> <span class='ocrx_word' id='word_1_55' title='bbox 1242 1089 1286 1158; x_wconf 83' lang='grc' dir='ltr'><em>Τὸ</em></span> 
     </span>
     <span class='ocr_line' id='line_1_8' title="bbox 276 1188 1287 1283; baseline -0.002 -21"><span class='ocrx_word' id='word_1_56' title='bbox 276 1203 337 1283; x_wconf 78' lang='grc' dir='ltr'><em>μὲν</em></span> <span class='ocrx_word' id='word_1_57' title='bbox 358 1191 417 1262; x_wconf 81' lang='grc' dir='ltr'><em>ὀῦν</em></span> <span class='ocrx_word' id='word_1_58' title='bbox 442 1197 525 1261; x_wconf 80' lang='grc' dir='ltr'><em>πᾶσι</em></span> <span class='ocrx_word' id='word_1_59' title='bbox 550 1199 620 1271; x_wconf 74' lang='grc' dir='ltr'><em>τοῖς</em></span> <span class='ocrx_word' id='word_1_60' title='bbox 642 1189 736 1259; x_wconf 84' lang='grc' dir='ltr'><em>ὀύσιν</em></span> <span class='ocrx_word' id='word_1_61' title='bbox 757 1188 943 1259; x_wconf 75' lang='grc' dir='ltr'><strong><em>ἐπιτάσσειν</em></strong></span> <span class='ocrx_word' id='word_1_62' title='bbox 960 1188 1083 1274; x_wconf 68' lang='grc' dir='ltr'><em>ιἰυτίιν,</em></span> <span class='ocrx_word' id='word_1_63' title='bbox 1106 1201 1162 1260; x_wconf 84' lang='grc' dir='ltr'><em>καὶ</em></span> <span class='ocrx_word' id='word_1_64' title='bbox 1183 1190 1287 1260; x_wconf 84' lang='grc' dir='ltr'><em>πάντα</em></span> 
     </span>
     <span class='ocr_line' id='line_1_9' title="bbox 277 1291 1287 1386; baseline -0.003 -21"><span class='ocrx_word' id='word_1_65' title='bbox 277 1302 380 1386; x_wconf 82' lang='grc' dir='ltr'><em>λέγειν</em></span> <span class='ocrx_word' id='word_1_66' title='bbox 395 1299 478 1366; x_wconf 82' lang='grc' dir='ltr'><em>έίναι</em></span> <span class='ocrx_word' id='word_1_67' title='bbox 500 1294 542 1363; x_wconf 79' lang='grc' dir='ltr'><em>τὰ</em></span> <span class='ocrx_word' id='word_1_68' title='bbox 565 1295 646 1363; x_wconf 82' lang='grc' dir='ltr'><em>ὄντα</em></span> <span class='ocrx_word' id='word_1_69' title='bbox 665 1291 747 1362; x_wconf 77' lang='grc' dir='ltr'><em>καθ’</em></span> <span class='ocrx_word' id='word_1_70' title='bbox 772 1296 987 1384; x_wconf 82' lang='grc' dir='ltr'><em>ίιμαρμένην,</em></span> <span class='ocrx_word' id='word_1_71' title='bbox 1010 1292 1131 1383; x_wconf 85' lang='grc' dir='ltr'><em>ὁμοίοις</em></span> <span class='ocrx_word' id='word_1_72' title='bbox 1146 1293 1239 1362; x_wconf 72' lang='grc' dir='ltr'><em>ἆίθιοί</em></span> <span class='ocrx_word' id='word_1_73' title='bbox 1256 1321 1287 1362; x_wconf 87' lang='grc' dir='ltr'><em>τι</em></span> 
     </span>
     <span class='ocr_line' id='line_1_10' title="bbox 277 1393 1288 1490; baseline -0.004 -21"><span class='ocrx_word' id='word_1_74' title='bbox 277 1408 333 1469; x_wconf 75' lang='grc' dir='ltr'><em>καὶ</em></span> <span class='ocrx_word' id='word_1_75' title='bbox 349 1399 413 1490; x_wconf 77' lang='grc' dir='ltr'><em>μὴ,</em></span> <span class='ocrx_word' id='word_1_76' title='bbox 442 1396 517 1468; x_wconf 84' lang='grc' dir='ltr'><em>ύύτε</em></span> <span class='ocrx_word' id='word_1_77' title='bbox 536 1395 670 1484; x_wconf 76' lang='grc' dir='ltr'><em>ε’ύλογον</em></span> <span class='ocrx_word' id='word_1_78' title='bbox 692 1394 800 1474; x_wconf 79' lang='grc' dir='ltr'><em>ἄλλως</em></span> <span class='ocrx_word' id='word_1_79' title='bbox 824 1393 902 1463; x_wconf 78' lang='grc' dir='ltr'><em>οὐθ’</em></span> <span class='ocrx_word' id='word_1_80' title='bbox 926 1393 990 1463; x_wconf 89' lang='grc' dir='ltr'><em>ύπὸ</em></span> <span class='ocrx_word' id='word_1_81' title='bbox 1016 1400 1080 1465; x_wconf 82' lang='grc' dir='ltr'><em>τῶν</em></span> <span class='ocrx_word' id='word_1_82' title='bbox 1105 1395 1288 1486; x_wconf 75' lang='grc' dir='ltr'><em>ὑμνούντων</em></span> 
     </span>
     <span class='ocr_line' id='line_1_11' title="bbox 275 1495 1287 1593; baseline -0.004 -21"><span class='ocrx_word' id='word_1_83' title='bbox 275 1502 423 1593; x_wconf 79' lang='grc' dir='ltr'><em>μάλιστα</em></span> <span class='ocrx_word' id='word_1_84' title='bbox 436 1501 496 1584; x_wconf 76' lang='grc' dir='ltr'><em>τὴν</em></span> <span class='ocrx_word' id='word_1_85' title='bbox 514 1505 710 1592; x_wconf 79' lang='grc' dir='ltr'><em>έιμαρμένην</em></span> <span class='ocrx_word' id='word_1_86' title='bbox 723 1495 765 1578; x_wconf 87' lang='grc' dir='ltr'><em>ὡς</em></span> <span class='ocrx_word' id='word_1_87' title='bbox 777 1497 887 1566; x_wconf 77' lang='grc' dir='ltr'><em>ἀντίαν</em></span> <span class='ocrx_word' id='word_1_88' title='bbox 902 1501 1174 1589; x_wconf 73' lang='grc' dir='ltr'><em>τῶνγιγνομένωυ</em></span> <span class='ocrx_word' id='word_1_89' title='bbox 1188 1498 1287 1570; x_wconf 76' lang='grc' dir='ltr'><em>ἀποίν-</em></span> 
     </span>
     <span class='ocr_line' id='line_1_12' title="bbox 276 1598 1288 1695; baseline -0.004 -20"><span class='ocrx_word' id='word_1_90' title='bbox 276 1633 357 1688; x_wconf 89' lang='grc' dir='ltr'><em>των,</em></span> <span class='ocrx_word' id='word_1_91' title='bbox 380 1601 653 1695; x_wconf 80' lang='grc' dir='ltr'><em>ὁμολογούμενον.</em></span> <span class='ocrx_word' id='word_1_92' title='bbox 690 1598 784 1670; x_wconf 76' lang='grc' dir='ltr'><em>Ὀύτε</em></span> <span class='ocrx_word' id='word_1_93' title='bbox 804 1601 868 1694; x_wconf 85' lang='grc' dir='ltr'><em>γὰρ</em></span> <span class='ocrx_word' id='word_1_94' title='bbox 894 1601 938 1669; x_wconf 81' lang='grc' dir='ltr'><em>τύ</em></span> <span class='ocrx_word' id='word_1_95' title='bbox 956 1600 1051 1670; x_wconf 78' lang='grc' dir='ltr'><em>ύίθια</em></span> <span class='ocrx_word' id='word_1_96' title='bbox 1070 1602 1154 1672; x_wconf 75' lang='grc' dir='ltr'><em>καθ’</em></span> <span class='ocrx_word' id='word_1_97' title='bbox 1179 1608 1288 1695; x_wconf 77' lang='grc' dir='ltr'><em>ἑιμαρ-</em></span> 
     </span>
     <span class='ocr_line' id='line_1_13' title="bbox 277 1703 1289 1798; baseline -0.004 -20"><span class='ocrx_word' id='word_1_98' title='bbox 277 1715 376 1792; x_wconf 87' lang='grc' dir='ltr'><em>ιιένην</em></span> <span class='ocrx_word' id='word_1_99' title='bbox 391 1711 474 1776; x_wconf 82' lang='grc' dir='ltr'><em>έῐναι</em></span> <span class='ocrx_word' id='word_1_100' title='bbox 490 1703 646 1788; x_wconf 76' lang='grc' dir='ltr'><em>τοιαύτην</em></span> <span class='ocrx_word' id='word_1_101' title='bbox 664 1710 766 1792; x_wconf 85' lang='grc' dir='ltr'><em>λέγειν</em></span> <span class='ocrx_word' id='word_1_102' title='bbox 781 1703 932 1791; x_wconf 83' lang='grc' dir='ltr'><em>ε’ύλογον·</em></span> <span class='ocrx_word' id='word_1_103' title='bbox 954 1711 1082 1792; x_wconf 78' lang='grc' dir='ltr'><em>γελοῖον</em></span> <span class='ocrx_word' id='word_1_104' title='bbox 1097 1706 1216 1798; x_wconf 85' lang='grc' dir='ltr'><em>γὰρτὸ</em></span> <span class='ocrx_word' id='word_1_105' title='bbox 1234 1707 1289 1788; x_wconf 80' lang='grc' dir='ltr'><em>τὴν</em></span> 
     </span>
     <span class='ocr_line' id='line_1_14' title="bbox 277 1805 1284 1904; baseline -0.004 -23"><span class='ocrx_word' id='word_1_106' title='bbox 277 1809 453 1904; x_wconf 77' lang='grc' dir='ltr'><em>διάμετρον</em></span> <span class='ocrx_word' id='word_1_107' title='bbox 470 1810 515 1891; x_wconf 76' lang='lat'><em>²²)</em></span> <span class='ocrx_word' id='word_1_108' title='bbox 541 1805 749 1900; x_wconf 77' lang='grc' dir='ltr'><em>ἀσύμμετρον</em></span> <span class='ocrx_word' id='word_1_109' title='bbox 767 1809 807 1903; x_wconf 76' lang='grc' dir='ltr'><em>τῇ</em></span> <span class='ocrx_word' id='word_1_110' title='bbox 827 1811 953 1900; x_wconf 73' lang='grc' dir='ltr'><em>πλευρᾷ</em></span> <span class='ocrx_word' id='word_1_111' title='bbox 973 1813 1077 1896; x_wconf 82' lang='grc' dir='ltr'><em>λέγειν</em></span> <span class='ocrx_word' id='word_1_112' title='bbox 1100 1814 1187 1878; x_wconf 80' lang='grc' dir='ltr'><em>ε’ίνιιι</em></span> <span class='ocrx_word' id='word_1_113' title='bbox 1208 1808 1284 1877; x_wconf 81' lang='grc' dir='ltr'><em>καθ’</em></span> 
     </span>
     <span class='ocr_line' id='line_1_15' title="bbox 276 1908 1287 2007; baseline -0.004 -23"><span class='ocrx_word' id='word_1_114' title='bbox 276 1919 488 2007; x_wconf 77' lang='grc' dir='ltr'><em>ἑιμαρμένην,</em></span> <span class='ocrx_word' id='word_1_115' title='bbox 510 1912 531 1996; x_wconf 78' lang='grc' dir='ltr'><strong><em>ἢ</em></strong></span> <span class='ocrx_word' id='word_1_116' title='bbox 549 1912 587 1981; x_wconf 85' lang='grc' dir='ltr'><em>τὸ</em></span> <span class='ocrx_word' id='word_1_117' title='bbox 607 1915 764 1999; x_wconf 88' lang='grc' dir='ltr'><em>τρίγωνον</em></span> <span class='ocrx_word' id='word_1_118' title='bbox 779 1909 835 1979; x_wconf 79' lang='grc' dir='ltr'><em>διὰ</em></span> <span class='ocrx_word' id='word_1_119' title='bbox 850 1915 948 1979; x_wconf 84' lang='grc' dir='ltr'><em>τούτο</em></span> <span class='ocrx_word' id='word_1_120' title='bbox 965 1916 1059 1979; x_wconf 78' lang='grc' dir='ltr'><em>δυσίν</em></span> <span class='ocrx_word' id='word_1_121' title='bbox 1073 1908 1205 2004; x_wconf 77' lang='grc' dir='ltr'><em>ὀρθαῖς</em></span> <span class='ocrx_word' id='word_1_122' title='bbox 1218 1916 1287 1992; x_wconf 85' lang='grc' dir='ltr'><em>ἴσας</em></span> 
     </span>
     <span class='ocr_line' id='line_1_16' title="bbox 275 2011 1288 2108; baseline -0.005 -22"><span class='ocrx_word' id='word_1_123' title='bbox 275 2020 357 2108; x_wconf 77' lang='grc' dir='ltr'><em>ἔχειν</em></span> <span class='ocrx_word' id='word_1_124' title='bbox 376 2017 438 2098; x_wconf 83' lang='grc' dir='ltr'><em>τὰς</em></span> <span class='ocrx_word' id='word_1_125' title='bbox 459 2015 549 2095; x_wconf 82' lang='grc' dir='ltr'><em>ε’ντὸς</em></span> <span class='ocrx_word' id='word_1_126' title='bbox 571 2018 709 2103; x_wconf 86' lang='grc' dir='ltr'><em>γωνίας·</em></span> <span class='ocrx_word' id='word_1_127' title='bbox 738 2020 793 2081; x_wconf 82' lang='grc' dir='ltr'><em>καὶ</em></span> <span class='ocrx_word' id='word_1_128' title='bbox 815 2011 972 2083; x_wconf 83' lang='grc' dir='ltr'><em>καθόλου</em></span> <span class='ocrx_word' id='word_1_129' title='bbox 991 2013 1035 2082; x_wconf 80' lang='grc' dir='ltr'><em>τοί</em></span> <span class='ocrx_word' id='word_1_130' title='bbox 1056 2012 1108 2082; x_wconf 81' lang='grc' dir='ltr'><em>ἀεὶ</em></span> <span class='ocrx_word' id='word_1_131' title='bbox 1133 2015 1221 2083; x_wconf 88' lang='grc' dir='ltr'><em>κατὰ</em></span> <span class='ocrx_word' id='word_1_132' title='bbox 1248 2023 1288 2082; x_wconf 86' lang='grc' dir='ltr'><em>τὰ</em></span> 
     </span>
     <span class='ocr_line' id='line_1_17' title="bbox 275 2115 1287 2208; baseline -0.004 -18"><span class='ocrx_word' id='word_1_133' title='bbox 275 2121 362 2191; x_wconf 83' lang='grc' dir='ltr'><em>ἇυτίι</em></span> <span class='ocrx_word' id='word_1_134' title='bbox 380 2129 436 2190; x_wconf 87' lang='grc' dir='ltr'><em>καὶ</em></span> <span class='ocrx_word' id='word_1_135' title='bbox 451 2117 602 2200; x_wconf 85' lang='grc' dir='ltr'><em>ὡςαύτως</em></span> <span class='ocrx_word' id='word_1_136' title='bbox 617 2120 733 2208; x_wconf 81' lang='grc' dir='ltr'><em>ἔχοντα</em></span> <span class='ocrx_word' id='word_1_137' title='bbox 748 2116 899 2207; x_wconf 76' lang='grc' dir='ltr'><em>οὐθαμῶς</em></span> <span class='ocrx_word' id='word_1_138' title='bbox 920 2115 1055 2205; x_wconf 84' lang='grc' dir='ltr'><em>ε’ύλογον</em></span> <span class='ocrx_word' id='word_1_139' title='bbox 1072 2117 1158 2186; x_wconf 76' lang='grc' dir='ltr'><em>καθ’</em></span> <span class='ocrx_word' id='word_1_140' title='bbox 1178 2122 1287 2208; x_wconf 86' lang='grc' dir='ltr'><em>εἰμαρ-</em></span> 
     </span>
     <span class='ocr_line' id='line_1_18' title="bbox 277 2217 1286 2315; baseline -0.008 -21"><span class='ocrx_word' id='word_1_141' title='bbox 277 2231 375 2315; x_wconf 83' lang='grc' dir='ltr'><em>μένην</em></span> <span class='ocrx_word' id='word_1_142' title='bbox 405 2221 509 2303; x_wconf 84' lang='grc' dir='ltr'><em>ὁύτως</em></span> <span class='ocrx_word' id='word_1_143' title='bbox 541 2225 622 2311; x_wconf 79' lang='grc' dir='ltr'><em>ἔχειν</em></span> <span class='ocrx_word' id='word_1_144' title='bbox 647 2227 759 2309; x_wconf 80' lang='grc' dir='ltr'><em>λέγειν.</em></span> <span class='ocrx_word' id='word_1_145' title='bbox 808 2217 896 2288; x_wconf 74' lang='grc' dir='ltr'><em>Ἀλλ’</em></span> <span class='ocrx_word' id='word_1_146' title='bbox 932 2218 1008 2288; x_wconf 78' lang='grc' dir='ltr'><em>οὐδὲ</em></span> <span class='ocrx_word' id='word_1_147' title='bbox 1039 2219 1084 2288; x_wconf 78' lang='grc' dir='ltr'><em>τὰ</em></span> <span class='ocrx_word' id='word_1_148' title='bbox 1114 2219 1286 2310; x_wconf 87' lang='grc' dir='ltr'><em>γιγνόμενα</em></span> 
     </span>
     <span class='ocr_line' id='line_1_19' title="bbox 275 2319 1288 2417; baseline -0.004 -20"><span class='ocrx_word' id='word_1_149' title='bbox 275 2326 401 2398; x_wconf 83' lang='grc' dir='ltr'><em>πάντα·</em></span> <span class='ocrx_word' id='word_1_150' title='bbox 424 2319 488 2394; x_wconf 78' lang='grc' dir='ltr'><em>ὅσα</em></span> <span class='ocrx_word' id='word_1_151' title='bbox 506 2324 570 2415; x_wconf 80' lang='grc' dir='ltr'><em>γὰρ</em></span> <span class='ocrx_word' id='word_1_152' title='bbox 589 2330 643 2392; x_wconf 84' lang='grc' dir='ltr'><em>καὶ</em></span> <span class='ocrx_word' id='word_1_153' title='bbox 665 2321 789 2392; x_wconf 89' lang='grc' dir='ltr'><em>τούτων</em></span> <span class='ocrx_word' id='word_1_154' title='bbox 811 2320 967 2392; x_wconf 85' lang='grc' dir='ltr'><em>έύτακτύν</em></span> <span class='ocrx_word' id='word_1_155' title='bbox 988 2350 1021 2391; x_wconf 88' lang='grc' dir='ltr'><em>τε</em></span> <span class='ocrx_word' id='word_1_156' title='bbox 1039 2331 1097 2392; x_wconf 90' lang='grc' dir='ltr'><em>καὶ</em></span> <span class='ocrx_word' id='word_1_157' title='bbox 1113 2323 1288 2417; x_wconf 75' lang='grc' dir='ltr'><em>ὡρισμένην</em></span> 
     </span>
     <span class='ocr_line' id='line_1_20' title="bbox 272 2427 1286 2521; baseline -0.007 -22"><span class='ocrx_word' id='word_1_158' title='bbox 272 2433 338 2521; x_wconf 80' lang='grc' dir='ltr'><em>ἔχει</em></span> <span class='ocrx_word' id='word_1_159' title='bbox 358 2428 418 2512; x_wconf 90' lang='grc' dir='ltr'><em>τὴν</em></span> <span class='ocrx_word' id='word_1_160' title='bbox 441 2431 564 2516; x_wconf 88' lang='grc' dir='ltr'><em>γένεσίν</em></span> <span class='ocrx_word' id='word_1_161' title='bbox 585 2454 618 2495; x_wconf 91' lang='grc' dir='ltr'><em>τε</em></span> <span class='ocrx_word' id='word_1_162' title='bbox 645 2434 701 2494; x_wconf 78' lang='grc' dir='ltr'><em>καὶ</em></span> <span class='ocrx_word' id='word_1_163' title='bbox 722 2429 864 2510; x_wconf 89' lang='grc' dir='ltr'><em>κίνησιν,</em></span> <span class='ocrx_word' id='word_1_164' title='bbox 897 2427 954 2509; x_wconf 77' lang='grc' dir='ltr'><em>ἔξω</em></span> <span class='ocrx_word' id='word_1_165' title='bbox 972 2429 1083 2496; x_wconf 90' lang='grc' dir='ltr'><em>πίπτει</em></span> <span class='ocrx_word' id='word_1_166' title='bbox 1105 2438 1163 2496; x_wconf 76' lang='grc' dir='ltr'><em>καί</em></span> <span class='ocrx_word' id='word_1_167' title='bbox 1185 2432 1286 2497; x_wconf 79' lang='grc' dir='ltr'><em>ταῦτα</em></span> 
     </span>
     <span class='ocr_line' id='line_1_21' title="bbox 273 2525 1287 2624; baseline -0.002 -22"><span class='ocrx_word' id='word_1_168' title='bbox 273 2538 332 2618; x_wconf 79' lang='grc' dir='ltr'><em>τῆς</em></span> <span class='ocrx_word' id='word_1_169' title='bbox 354 2536 558 2624; x_wconf 80' lang='grc' dir='ltr'><em>έιμαρμένης.</em></span> <span class='ocrx_word' id='word_1_170' title='bbox 616 2528 662 2598; x_wconf 86' lang='grc' dir='ltr'><em>Ού</em></span> <span class='ocrx_word' id='word_1_171' title='bbox 685 2528 751 2620; x_wconf 79' lang='grc' dir='ltr'><em>γὰρ</em></span> <span class='ocrx_word' id='word_1_172' title='bbox 779 2527 862 2616; x_wconf 70' lang='grc' dir='ltr'><em>καθ’ι</em></span> <span class='ocrx_word' id='word_1_173' title='bbox 884 2532 1081 2618; x_wconf 87' lang='grc' dir='ltr'><em>ίιμαρμένην</em></span> <span class='ocrx_word' id='word_1_174' title='bbox 1102 2528 1121 2598; x_wconf 88' lang='grc' dir='ltr'><em>ὁ</em></span> <span class='ocrx_word' id='word_1_175' title='bbox 1144 2525 1238 2615; x_wconf 71' lang='grc' dir='ltr'><em>ίίλιος</em></span> <span class='ocrx_word' id='word_1_176' title='bbox 1257 2533 1287 2600; x_wconf 78' lang='grc' dir='ltr'><em>ἐν</em></span> 
     </span>
     <span class='ocr_line' id='line_1_22' title="bbox 270 2631 1288 2729; baseline -0.003 -24"><span class='ocrx_word' id='word_1_177' title='bbox 270 2641 467 2729; x_wconf 72' lang='grc' dir='ltr'><em>χειμερινοῖς</em></span> <span class='ocrx_word' id='word_1_178' title='bbox 488 2631 508 2716; x_wconf 79' lang='grc' dir='ltr'><strong><em>ἢ</em></strong></span> <span class='ocrx_word' id='word_1_179' title='bbox 530 2640 686 2724; x_wconf 80' lang='grc' dir='ltr'><em>θεριναῖς</em></span> <span class='ocrx_word' id='word_1_180' title='bbox 707 2639 846 2723; x_wconf 87' lang='grc' dir='ltr'><em>τροπαῖς</em></span> <span class='ocrx_word' id='word_1_181' title='bbox 866 2635 1028 2719; x_wconf 87' lang='grc' dir='ltr'><em>γίγνεται,</em></span> <span class='ocrx_word' id='word_1_182' title='bbox 1058 2631 1138 2702; x_wconf 74' lang='grc' dir='ltr'><em>οὐδὲ</em></span> <span class='ocrx_word' id='word_1_183' title='bbox 1154 2640 1288 2704; x_wconf 79' lang='grc' dir='ltr'><em>ἕκαστον</em></span> 
     </span>
     <span class='ocr_line' id='line_1_23' title="bbox 185 2733 1286 2833; baseline -0.003 -23"><span class='ocrx_word' id='word_1_184' title='bbox 185 2757 190 2772; x_wconf 87' lang='grc'><em>’</em></span> <span class='ocrx_word' id='word_1_185' title='bbox 273 2745 338 2809; x_wconf 82' lang='grc' dir='ltr'><em>τῶν</em></span> <span class='ocrx_word' id='word_1_186' title='bbox 359 2738 704 2829; x_wconf 49' lang='grc' dir='ltr'><em>ἄστρωνεὲιμαρμένην</em></span> <span class='ocrx_word' id='word_1_187' title='bbox 726 2733 836 2804; x_wconf 73' lang='grc' dir='ltr'><em>σἰιτίαν</em></span> <span class='ocrx_word' id='word_1_188' title='bbox 854 2737 918 2824; x_wconf 85' lang='grc' dir='ltr'><em>ἔχει</em></span> <span class='ocrx_word' id='word_1_189' title='bbox 938 2739 996 2818; x_wconf 78' lang='grc' dir='ltr'><em>τῆς</em></span> <span class='ocrx_word' id='word_1_190' title='bbox 1018 2734 1144 2818; x_wconf 82' lang='grc' dir='ltr'><em>οἰκείας</em></span> <span class='ocrx_word' id='word_1_191' title='bbox 1166 2743 1286 2833; x_wconf 75' lang='grc' dir='ltr'><em>φορᾶς·</em></span> 
     </span>
     <span class='ocr_line' id='line_1_24' title="bbox 198 2832 1287 2932; baseline -0.003 -22"><span class='ocrx_word' id='word_1_192' title='bbox 198 2911 201 2918; x_wconf 71' lang='grc'><strong>,</strong></span> <span class='ocrx_word' id='word_1_193' title='bbox 274 2840 343 2911; x_wconf 72' lang='grc' dir='ltr'><em>ἄλλ’</em></span> <span class='ocrx_word' id='word_1_194' title='bbox 365 2843 454 2908; x_wconf 84' lang='grc' dir='ltr'><em>ἔστιν</em></span> <span class='ocrx_word' id='word_1_195' title='bbox 472 2832 573 2930; x_wconf 85' lang='grc' dir='ltr'><em>ύίςπερ</em></span> <span class='ocrx_word' id='word_1_196' title='bbox 592 2835 679 2905; x_wconf 78' lang='grc' dir='ltr'><em>κατὰ</em></span> <span class='ocrx_word' id='word_1_197' title='bbox 695 2835 734 2905; x_wconf 85' lang='grc' dir='ltr'><em>τὸ</em></span> <span class='ocrx_word' id='word_1_198' title='bbox 749 2842 832 2906; x_wconf 81' lang='grc' dir='ltr'><em>ε’ῑναι</em></span> <span class='ocrx_word' id='word_1_199' title='bbox 845 2843 901 2906; x_wconf 85' lang='grc' dir='ltr'><em>καὶ</em></span> <span class='ocrx_word' id='word_1_200' title='bbox 915 2837 974 2922; x_wconf 77' lang='grc' dir='ltr'><em>τὴν</em></span> <span class='ocrx_word' id='word_1_201' title='bbox 991 2838 1110 2908; x_wconf 88' lang='grc' dir='ltr'><em>ούσίαν</em></span> <span class='ocrx_word' id='word_1_202' title='bbox 1128 2840 1287 2932; x_wconf 78' lang='grc' dir='ltr'><em>ἐλεύθερα</em></span> 
     </span>
     <span class='ocr_line' id='line_1_25' title="bbox 271 2938 1287 3029; baseline -0.001 -16"><span class='ocrx_word' id='word_1_203' title='bbox 271 2949 331 3029; x_wconf 79' lang='grc' dir='ltr'><em>τῆς</em></span> <span class='ocrx_word' id='word_1_204' title='bbox 344 2939 500 3026; x_wconf 84' lang='grc' dir='ltr'><em>τοιαύτης</em></span> <span class='ocrx_word' id='word_1_205' title='bbox 516 2939 632 3020; x_wconf 80' lang='grc' dir='ltr'><em>οὐσίας</em></span> <span class='ocrx_word' id='word_1_206' title='bbox 642 2940 674 2978; x_wconf 82' lang='lat'><em>¹²</em></span> <span class='ocrx_word' id='word_1_207' title='bbox 684 2945 732 3023; x_wconf 84' lang='lat' dir='ltr'><em>a),</em></span> <span class='ocrx_word' id='word_1_208' title='bbox 755 2938 858 3020; x_wconf 89' lang='grc' dir='ltr'><em>ὁύτως</em></span> <span class='ocrx_word' id='word_1_209' title='bbox 869 2945 905 3009; x_wconf 81' lang='grc' dir='ltr'><em>δέ</em></span> <span class='ocrx_word' id='word_1_210' title='bbox 920 2944 1076 3012; x_wconf 79' lang='grc' dir='ltr'><em>καὶκατὰ</em></span> <span class='ocrx_word' id='word_1_211' title='bbox 1092 2944 1156 3024; x_wconf 85' lang='grc' dir='ltr'><em>τὰς</em></span> <span class='ocrx_word' id='word_1_212' title='bbox 1170 2945 1287 3024; x_wconf 87' lang='grc' dir='ltr'><em>οἰκείας</em></span> 
     </span>
     <span class='ocr_line' id='line_1_26' title="bbox 272 3042 1287 3141; baseline -0.003 -24"><span class='ocrx_word' id='word_1_213' title='bbox 272 3050 440 3141; x_wconf 77' lang='grc' dir='ltr'><em>ἐνεργείας.</em></span> <span class='ocrx_word' id='word_1_214' title='bbox 500 3044 560 3114; x_wconf 82' lang='grc' dir='ltr'><em>Διὸ</em></span> <span class='ocrx_word' id='word_1_215' title='bbox 586 3048 650 3113; x_wconf 83' lang='grc' dir='ltr'><em>τῶν</em></span> <span class='ocrx_word' id='word_1_216' title='bbox 677 3053 736 3133; x_wconf 76' lang='grc' dir='ltr'><em>μὲν</em></span> <span class='ocrx_word' id='word_1_217' title='bbox 760 3042 872 3112; x_wconf 77' lang='grc' dir='ltr'><em>ἀϊδίων</em></span> <span class='ocrx_word' id='word_1_218' title='bbox 896 3043 918 3126; x_wconf 81' lang='grc' dir='ltr'><em>ἢ</em></span> <span class='ocrx_word' id='word_1_219' title='bbox 943 3045 1097 3115; x_wconf 75' lang='grc' dir='ltr'><em>κατὰτὰ</em></span> <span class='ocrx_word' id='word_1_220' title='bbox 1122 3047 1211 3118; x_wconf 80' lang='grc' dir='ltr'><em>ἆυτοί</em></span> <span class='ocrx_word' id='word_1_221' title='bbox 1235 3055 1287 3117; x_wconf 77' lang='grc' dir='ltr'><em>καί</em></span> 
     </span>
     <span class='ocr_line' id='line_1_27' title="bbox 272 3144 1286 3245; baseline -0.001 -24"><span class='ocrx_word' id='word_1_222' title='bbox 272 3148 424 3232; x_wconf 82' lang='grc' dir='ltr'><em>ὡςαύτως</em></span> <span class='ocrx_word' id='word_1_223' title='bbox 450 3146 501 3216; x_wconf 78' lang='grc' dir='ltr'><em>ἀεὶ</em></span> <span class='ocrx_word' id='word_1_224' title='bbox 524 3153 722 3236; x_wconf 87' lang='grc' dir='ltr'><em>γιγνομένων</em></span> <span class='ocrx_word' id='word_1_225' title='bbox 747 3144 878 3226; x_wconf 83' lang='grc' dir='ltr'><em>ούδενὸς</em></span> <span class='ocrx_word' id='word_1_226' title='bbox 905 3144 1012 3216; x_wconf 82' lang='grc' dir='ltr'><em>οίίτιον</em></span> <span class='ocrx_word' id='word_1_227' title='bbox 1040 3147 1060 3232; x_wconf 81' lang='grc' dir='ltr'><strong><em>ἡ</em></strong></span> <span class='ocrx_word' id='word_1_228' title='bbox 1092 3154 1286 3245; x_wconf 87' lang='grc' dir='ltr'><em>έιμαρμένη,</em></span> 
     </span>
     <span class='ocr_line' id='line_1_28' title="bbox 272 3251 1287 3347; baseline -0.001 -22"><span class='ocrx_word' id='word_1_229' title='bbox 272 3261 364 3325; x_wconf 80' lang='grc' dir='ltr'><em>δοκεῖ</em></span> <span class='ocrx_word' id='word_1_230' title='bbox 381 3258 416 3322; x_wconf 80' lang='grc' dir='ltr'><em>δὲ</em></span> <span class='ocrx_word' id='word_1_231' title='bbox 442 3255 475 3320; x_wconf 78' lang='grc' dir='ltr'><em>ἐν</em></span> <span class='ocrx_word' id='word_1_232' title='bbox 491 3258 561 3330; x_wconf 87' lang='grc' dir='ltr'><em>τοῖς</em></span> <span class='ocrx_word' id='word_1_233' title='bbox 586 3254 618 3318; x_wconf 83' lang='grc' dir='ltr'><em>έν</em></span> <span class='ocrx_word' id='word_1_234' title='bbox 638 3255 759 3337; x_wconf 82' lang='grc' dir='ltr'><em>γενέσει</em></span> <span class='ocrx_word' id='word_1_235' title='bbox 779 3255 835 3316; x_wconf 86' lang='grc' dir='ltr'><em>καὶ</em></span> <span class='ocrx_word' id='word_1_236' title='bbox 853 3255 978 3344; x_wconf 74' lang='grc' dir='ltr'><em>φθορᾷ</em></span> <span class='ocrx_word' id='word_1_237' title='bbox 995 3251 1035 3320; x_wconf 85' lang='grc' dir='ltr'><em>τὸ</em></span> <span class='ocrx_word' id='word_1_238' title='bbox 1053 3258 1114 3336; x_wconf 79' lang='grc' dir='ltr'><em>τῆς</em></span> <span class='ocrx_word' id='word_1_239' title='bbox 1135 3259 1287 3347; x_wconf 82' lang='grc' dir='ltr'><em>έιμαρμί·</em></span> 
     </span>
     <span class='ocr_line' id='line_1_29' title="bbox 269 3347 1286 3450; baseline -0.004 -21"><span class='ocrx_word' id='word_1_240' title='bbox 269 3387 327 3443; x_wconf 90' lang='grc' dir='ltr'><em>νης</em></span> <span class='ocrx_word' id='word_1_241' title='bbox 351 3359 446 3449; x_wconf 83' lang='grc' dir='ltr'><em>ἔργον</em></span> <span class='ocrx_word' id='word_1_242' title='bbox 467 3358 560 3423; x_wconf 80' lang='grc' dir='ltr'><em>ε’ῑναι.</em></span> <span class='ocrx_word' id='word_1_243' title='bbox 597 3351 654 3422; x_wconf 84' lang='grc' dir='ltr'><em>Ἕν</em></span> <span class='ocrx_word' id='word_1_244' title='bbox 674 3352 738 3446; x_wconf 87' lang='grc' dir='ltr'><em>γὰρ</em></span> <span class='ocrx_word' id='word_1_245' title='bbox 760 3359 831 3432; x_wconf 83' lang='grc' dir='ltr'><em>τοῖς</em></span> <span class='ocrx_word' id='word_1_246' title='bbox 856 3357 1047 3440; x_wconf 80' lang='grc' dir='ltr'><em>ἐπιτηδείοις</em></span> <span class='ocrx_word' id='word_1_247' title='bbox 1070 3354 1156 3428; x_wconf 81' lang='grc' dir='ltr'><em>ὅσον</em></span> <span class='ocrx_word' id='word_1_248' title='bbox 1178 3364 1230 3428; x_wconf 79' lang='grc' dir='ltr'><em>ἐπὶ</em></span> <span class='ocrx_word' id='word_1_249' title='bbox 1251 3347 1286 3450; x_wconf 60' lang='lat' dir='ltr'><em>ty}</em></span> 
     </span>
     <span class='ocr_line' id='line_1_30' title="bbox 270 3453 1286 3558; baseline 0.001 -28"><span class='ocrx_word' id='word_1_250' title='bbox 270 3462 394 3558; x_wconf 76' lang='grc' dir='ltr'><em>φυσικῇ</em></span> <span class='ocrx_word' id='word_1_251' title='bbox 415 3457 605 3551; x_wconf 77' lang='grc' dir='ltr'><em>παρασκευῇ</em></span> <span class='ocrx_word' id='word_1_252' title='bbox 629 3455 712 3548; x_wconf 84' lang='grc' dir='ltr'><em>πρὸς</em></span> <span class='ocrx_word' id='word_1_253' title='bbox 734 3454 777 3524; x_wconf 79' lang='grc' dir='ltr'><em>τοί</em></span> <span class='ocrx_word' id='word_1_254' title='bbox 795 3453 997 3547; x_wconf 76' lang='grc' dir='ltr'><em>ἀντικείμενα</em></span> <span class='ocrx_word' id='word_1_255' title='bbox 1011 3462 1071 3544; x_wconf 84' lang='grc' dir='ltr'><em>τῆς</em></span> <span class='ocrx_word' id='word_1_256' title='bbox 1090 3465 1286 3556; x_wconf 80' lang='grc' dir='ltr'><em>ίιμαρμένης</em></span> 
     </span>
     <span class='ocr_line' id='line_1_31' title="bbox 270 3560 1286 3654; baseline -0.003 -21"><span class='ocrx_word' id='word_1_257' title='bbox 270 3563 362 3654; x_wconf 75' lang='grc' dir='ltr'><em>ἰσχύς</em></span> <span class='ocrx_word' id='word_1_258' title='bbox 385 3566 469 3630; x_wconf 85' lang='grc' dir='ltr'><em>έίναι</em></span> <span class='ocrx_word' id='word_1_259' title='bbox 491 3565 583 3633; x_wconf 75' lang='grc' dir='ltr'><em>δοκεῖ</em></span> <span class='ocrx_word' id='word_1_260' title='bbox 588 3609 597 3641; x_wconf 88' lang='grc'><strong><em>,</em></strong></span> <span class='ocrx_word' id='word_1_261' title='bbox 634 3562 668 3626; x_wconf 83' lang='grc' dir='ltr'><em>έν</em></span> <span class='ocrx_word' id='word_1_262' title='bbox 686 3564 822 3651; x_wconf 84' lang='grc' dir='ltr'><em>θατέρῳ</em></span> <span class='ocrx_word' id='word_1_263' title='bbox 847 3564 911 3628; x_wconf 81' lang='grc' dir='ltr'><em>τῶν</em></span> <span class='ocrx_word' id='word_1_264' title='bbox 936 3560 1168 3652; x_wconf 74' lang='grc' dir='ltr'><em>ἀντικειμένων</em></span> <span class='ocrx_word' id='word_1_265' title='bbox 1196 3569 1286 3633; x_wconf 86' lang='grc' dir='ltr'><em>κατέ-</em></span> 
     </span>
     <span class='ocr_line' id='line_1_32' title="bbox 269 3658 1286 3758; baseline -0.001 -22"><span class='ocrx_word' id='word_1_266' title='bbox 269 3661 377 3758; x_wconf 73' lang='grc' dir='ltr'><em>χουσα</em></span> <span class='ocrx_word' id='word_1_267' title='bbox 398 3660 484 3732; x_wconf 83' lang='grc' dir='ltr'><em>ἇυτίι</em></span> <span class='ocrx_word' id='word_1_268' title='bbox 502 3668 557 3729; x_wconf 82' lang='grc' dir='ltr'><em>καὶ</em></span> <span class='ocrx_word' id='word_1_269' title='bbox 575 3658 792 3756; x_wconf 73' lang='grc' dir='ltr'><em>φυλάττουσα</em></span> <span class='ocrx_word' id='word_1_270' title='bbox 810 3660 896 3730; x_wconf 86' lang='grc' dir='ltr'><em>κατοί</em></span> <span class='ocrx_word' id='word_1_271' title='bbox 913 3691 989 3732; x_wconf 90' lang='grc' dir='ltr'><em>τινα</em></span> <span class='ocrx_word' id='word_1_272' title='bbox 1001 3664 1124 3750; x_wconf 81' lang='grc' dir='ltr'><em>τάξεως</em></span> <span class='ocrx_word' id='word_1_273' title='bbox 1147 3667 1286 3738; x_wconf 76' lang='grc' dir='ltr'><em>ἀκολου-</em></span> 
     </span>
     <span class='ocr_line' id='line_1_33' title="bbox 272 3761 1286 3861; baseline -0.003 -21"><span class='ocrx_word' id='word_1_274' title='bbox 272 3773 368 3839; x_wconf 88' lang='grc' dir='ltr'><em>θίαν.</em></span> <span class='ocrx_word' id='word_1_275' title='bbox 408 3761 457 3836; x_wconf 74' lang='lat' dir='ltr'><em>“A</em></span> <span class='ocrx_word' id='word_1_276' title='bbox 481 3763 630 3861; x_wconf 80' lang='grc' dir='ltr'><em>γὰρούκ</em></span> <span class='ocrx_word' id='word_1_277' title='bbox 654 3763 696 3833; x_wconf 82' lang='grc' dir='ltr'><em>ίίν</em></span> <span class='ocrx_word' id='word_1_278' title='bbox 713 3761 817 3844; x_wconf 86' lang='grc' dir='ltr'><em>ὁύτως</em></span> <span class='ocrx_word' id='word_1_279' title='bbox 837 3766 900 3854; x_wconf 79' lang='grc' dir='ltr'><em>ἔχει</em></span> <span class='ocrx_word' id='word_1_280' title='bbox 920 3765 962 3849; x_wconf 78' lang='lat'><em>¹³)</em></span> <span class='ocrx_word' id='word_1_281' title='bbox 984 3765 1061 3837; x_wconf 78' lang='grc' dir='ltr'><em>ἄνευ</em></span> <span class='ocrx_word' id='word_1_282' title='bbox 1087 3775 1150 3854; x_wconf 82' lang='grc' dir='ltr'><em>τῆς</em></span> <span class='ocrx_word' id='word_1_283' title='bbox 1175 3774 1286 3859; x_wconf 82' lang='grc' dir='ltr'><em>έιμαρ-</em></span> 
     </span>
     <span class='ocr_line' id='line_1_34' title="bbox 261 3866 1285 3969; baseline -0.001 -31"><span class='ocrx_word' id='word_1_284' title='bbox 261 3880 385 3963; x_wconf 75' lang='grc' dir='ltr'><em>μένης,</em></span> <span class='ocrx_word' id='word_1_285' title='bbox 412 3873 521 3938; x_wconf 79' lang='grc' dir='ltr'><em>ταῦτα</em></span> <span class='ocrx_word' id='word_1_286' title='bbox 550 3866 643 3959; x_wconf 79' lang='grc' dir='ltr'><em>παρὰ</em></span> <span class='ocrx_word' id='word_1_287' title='bbox 673 3871 730 3951; x_wconf 81' lang='grc' dir='ltr'><em>τῆς</em></span> <span class='ocrx_word' id='word_1_288' title='bbox 755 3870 949 3958; x_wconf 82' lang='grc' dir='ltr'><em>ίιμαρμένης</em></span> <span class='ocrx_word' id='word_1_289' title='bbox 971 3874 1005 3939; x_wconf 81' lang='grc' dir='ltr'><em>ἐν</em></span> <span class='ocrx_word' id='word_1_290' title='bbox 1028 3873 1106 3966; x_wconf 74' lang='grc' dir='ltr'><em>τῇδε</em></span> <span class='ocrx_word' id='word_1_291' title='bbox 1128 3875 1169 3969; x_wconf 73' lang='grc' dir='ltr'><em>τῇ</em></span> <span class='ocrx_word' id='word_1_292' title='bbox 1199 3870 1285 3955; x_wconf 78' lang='grc' dir='ltr'><em>τάξει</em></span> 
     </span>
     <span class='ocr_line' id='line_1_35' title="bbox 267 3970 1282 4065; baseline -0.006 -19"><span class='ocrx_word' id='word_1_293' title='bbox 267 3973 505 4065; x_wconf 75' lang='grc' dir='ltr'><em>φυλάττεσθαι</em></span> <span class='ocrx_word' id='word_1_294' title='bbox 531 3976 637 4041; x_wconf 82' lang='grc' dir='ltr'><em>δοκεῖ·</em></span> <span class='ocrx_word' id='word_1_295' title='bbox 673 3972 813 4039; x_wconf 85' lang='grc' dir='ltr'><em>τοιαῦτα</em></span> <span class='ocrx_word' id='word_1_296' title='bbox 840 3975 877 4038; x_wconf 80' lang='grc' dir='ltr'><em>δι’</em></span> <span class='ocrx_word' id='word_1_297' title='bbox 895 3974 983 4041; x_wconf 77' lang='grc' dir='ltr'><em>ἐστιν</em></span> <span class='ocrx_word' id='word_1_298' title='bbox 1007 3970 1068 4042; x_wconf 82' lang='grc' dir='ltr'><em>οὐκ</em></span> <span class='ocrx_word' id='word_1_299' title='bbox 1095 3971 1186 4044; x_wconf 77' lang='grc' dir='ltr'><em>ἄλλοί</em></span> <span class='ocrx_word' id='word_1_300' title='bbox 1211 3999 1282 4044; x_wconf 87' lang='grc' dir='ltr'><em>τινα</em></span> 
     </span>
    </p>
   </div>
   <div class='ocr_carea' id='block_1_3' title="bbox 0 0 1396 4790">
    <p class='ocr_par' dir='ltr' id='par_1_3' title="bbox 0 0 1396 4790">
     <span class='ocr_line' id='line_1_36' title="bbox 0 0 1396 4790; baseline 0 0"><span class='ocrx_word' id='word_1_301' title='bbox 0 0 1396 4790; x_wconf 95' lang='lat' dir='ltr'><em> </em></span> 
     </span>
    </p>
   </div>
  </div>
 </body>
</html>
