<?xml version="1.0" encoding="UTF-8"?>
<!DOCTYPE html PUBLIC "-//W3C//DTD XHTML 1.0 Transitional//EN"
    "http://www.w3.org/TR/xhtml1/DTD/xhtml1-transitional.dtd">
<html xmlns="http://www.w3.org/1999/xhtml" xml:lang="en" lang="en">
 <head>
  <title>
</title>
<meta http-equiv="Content-Type" content="text/html;charset=utf-8" />
  <meta name='ocr-system' content='tesseract 3.04.00' />
  <meta name='ocr-capabilities' content='ocr_page ocr_carea ocr_par ocr_line ocrx_word'/>
</head>
<body>
  <div class='ocr_page' id='page_1' title='image "./alexandriaphrod01bardgoog_0363.png"; bbox 0 0 2804 4786; ppageno 0'>
   <div class='ocr_carea' id='block_1_1' title="bbox 196 531 1388 4030">
    <p class='ocr_par' dir='ltr' id='par_1_1' title="bbox 196 531 1388 4030">
     <span class='ocr_line' id='line_1_1' title="bbox 361 531 1279 627; baseline 0.004 -25"><span class='ocrx_word' id='word_1_1' title='bbox 361 532 521 604; x_wconf 73' lang='grc' dir='ltr'><strong><em>διδόασιν.</em></strong></span> <span class='ocrx_word' id='word_1_2' title='bbox 566 537 688 602; x_wconf 87' lang='lat' dir='ltr'>Verum</span> <span class='ocrx_word' id='word_1_3' title='bbox 711 532 879 600; x_wconf 77' lang='lat' dir='ltr'>Caesarius</span> <span class='ocrx_word' id='word_1_4' title='bbox 894 531 1087 627; x_wconf 77' lang='grc' dir='ltr'><strong><em>ξενοβόροος</em></strong></span> <span class='ocrx_word' id='word_1_5' title='bbox 1100 533 1174 602; x_wconf 90' lang='lat' dir='ltr'>illos</span> <span class='ocrx_word' id='word_1_6' title='bbox 1187 537 1279 606; x_wconf 82' lang='grc' dir='ltr'><strong><em>ε’σπέ-</em></strong></span> 
     </span>
     <span class='ocr_line' id='line_1_2' title="bbox 360 633 1278 728; baseline -0.003 -22"><span class='ocrx_word' id='word_1_7' title='bbox 360 665 418 728; x_wconf 90' lang='grc' dir='ltr'><strong><em>ρια</em></strong></span> <span class='ocrx_word' id='word_1_8' title='bbox 433 642 575 728; x_wconf 77' lang='grc' dir='ltr'><em>κλίματα</em></span> <span class='ocrx_word' id='word_1_9' title='bbox 591 640 728 704; x_wconf 83' lang='lat' dir='ltr'>tenuisse</span> <span class='ocrx_word' id='word_1_10' title='bbox 743 636 903 722; x_wconf 81' lang='lat' dir='ltr'>signanter</span> <span class='ocrx_word' id='word_1_11' title='bbox 917 641 1024 704; x_wconf 79' lang='lat' dir='ltr'>hahet.</span> <span class='ocrx_word' id='word_1_12' title='bbox 1055 633 1278 708; x_wconf 73' lang='lat' dir='ltr'>Diiiunetiam</span> 
     </span>
     <span class='ocr_line' id='line_1_3' title="bbox 360 741 1279 832; baseline 0.002 -26"><span class='ocrx_word' id='word_1_13' title='bbox 360 742 438 808; x_wconf 83' lang='lat' dir='ltr'>illud</span> <span class='ocrx_word' id='word_1_14' title='bbox 459 756 527 821; x_wconf 86' lang='lat' dir='ltr'>est,</span> <span class='ocrx_word' id='word_1_15' title='bbox 553 745 640 827; x_wconf 91' lang='lat' dir='ltr'>quod</span> <span class='ocrx_word' id='word_1_16' title='bbox 661 744 847 832; x_wconf 79' lang='lat' dir='ltr'>Herodotus</span> <span class='ocrx_word' id='word_1_17' title='bbox 868 741 964 804; x_wconf 87' lang='lat' dir='ltr'>Libr.</span> <span class='ocrx_word' id='word_1_18' title='bbox 985 743 1049 807; x_wconf 90' lang='lat'>111.</span> <span class='ocrx_word' id='word_1_19' title='bbox 1073 744 1202 822; x_wconf 78' lang='lat' dir='ltr'>scribit,</span> <span class='ocrx_word' id='word_1_20' title='bbox 1226 747 1279 810; x_wconf 90' lang='lat' dir='ltr'>ln-</span> 
     </span>
     <span class='ocr_line' id='line_1_4' title="bbox 364 845 1280 936; baseline 0.003 -26"><span class='ocrx_word' id='word_1_21' title='bbox 364 850 440 924; x_wconf 78' lang='grc' dir='ltr'><strong><em>ᾱοε,</em></strong></span> <span class='ocrx_word' id='word_1_22' title='bbox 466 846 613 912; x_wconf 80' lang='lat' dir='ltr'>Callatias</span> <span class='ocrx_word' id='word_1_23' title='bbox 637 846 759 923; x_wconf 84' lang='lat' dir='ltr'>dictos,</span> <span class='ocrx_word' id='word_1_24' title='bbox 784 845 1005 910; x_wconf 81' lang='lat' dir='ltr'>defunctorum</span> <span class='ocrx_word' id='word_1_25' title='bbox 1019 859 1185 936; x_wconf 81' lang='lat' dir='ltr'>parentum</span> <span class='ocrx_word' id='word_1_26' title='bbox 1206 871 1280 914; x_wconf 87' lang='lat' dir='ltr'>cor·</span> 
     </span>
     <span class='ocr_line' id='line_1_5' title="bbox 362 947 1282 1036; baseline 0.003 -22"><span class='ocrx_word' id='word_1_27' title='bbox 362 951 495 1034; x_wconf 87' lang='lat' dir='ltr'>poribus</span> <span class='ocrx_word' id='word_1_28' title='bbox 529 947 681 1036; x_wconf 83' lang='lat' dir='ltr'>saginari.</span> <span class='ocrx_word' id='word_1_29' title='bbox 735 952 846 1014; x_wconf 87' lang='lat' dir='ltr'>Locus</span> <span class='ocrx_word' id='word_1_30' title='bbox 881 948 1010 1036; x_wconf 81' lang='lat' dir='ltr'>insignis</span> <span class='ocrx_word' id='word_1_31' title='bbox 1043 962 1109 1028; x_wconf 85' lang='lat' dir='ltr'>est,</span> <span class='ocrx_word' id='word_1_32' title='bbox 1147 973 1189 1014; x_wconf 78' lang='lat' dir='ltr'>ex</span> <span class='ocrx_word' id='word_1_33' title='bbox 1217 974 1282 1036; x_wconf 90' lang='lat' dir='ltr'>quo</span> 
     </span>
     <span class='ocr_line' id='line_1_6' title="bbox 363 1052 1282 1138; baseline 0.002 -22"><span class='ocrx_word' id='word_1_34' title='bbox 363 1073 457 1137; x_wconf 80' lang='lat' dir='ltr'>qtram</span> <span class='ocrx_word' id='word_1_35' title='bbox 479 1075 553 1118; x_wconf 84' lang='lat' dir='ltr'>suae</span> <span class='ocrx_word' id='word_1_36' title='bbox 574 1053 752 1138; x_wconf 81' lang='lat' dir='ltr'>quibusque</span> <span class='ocrx_word' id='word_1_37' title='bbox 780 1052 868 1138; x_wconf 85' lang='lat' dir='ltr'>leges</span> <span class='ocrx_word' id='word_1_38' title='bbox 895 1053 1059 1135; x_wconf 78' lang='lat' dir='ltr'>placeant,</span> <span class='ocrx_word' id='word_1_39' title='bbox 1095 1075 1189 1119; x_wconf 83' lang='lat' dir='ltr'>nemo</span> <span class='ocrx_word' id='word_1_40' title='bbox 1218 1078 1282 1120; x_wconf 94' lang='lat' dir='ltr'>non</span> 
     </span>
     <span class='ocr_line' id='line_1_7' title="bbox 361 1152 1299 1247; baseline 0.006 -27"><span class='ocrx_word' id='word_1_41' title='bbox 361 1157 527 1242; x_wconf 83' lang='lat' dir='ltr'><strong>intelliget.</strong></span> <span class='ocrx_word' id='word_1_42' title='bbox 596 1160 754 1247; x_wconf 80' lang='grc' dir='ltr'><strong><em>Δαρεῖος,</em></strong></span> <span class='ocrx_word' id='word_1_43' title='bbox 789 1154 908 1240; x_wconf 86' lang='lat' dir='ltr'>inquit,</span> <span class='ocrx_word' id='word_1_44' title='bbox 947 1159 1090 1234; x_wconf 80' lang='grc' dir='ltr'><strong><em>καλέσας</em></strong></span> <span class='ocrx_word' id='word_1_45' title='bbox 1121 1152 1299 1240; x_wconf 46' lang='grc' dir='ltr'>Ἑλλήνων.</span> 
     </span>
     <span class='ocr_line' id='line_1_8' title="bbox 266 1254 1282 1352; baseline 0 -24"><span class='ocrx_word' id='word_1_46' title='bbox 266 1317 270 1328; x_wconf 95' lang='grc'><strong>.</strong></span> <span class='ocrx_word' id='word_1_47' title='bbox 362 1257 440 1338; x_wconf 84' lang='grc' dir='ltr'><strong><em>τοὺς</em></strong></span> <span class='ocrx_word' id='word_1_48' title='bbox 458 1255 665 1351; x_wconf 85' lang='grc' dir='ltr'><strong><em>παρεόντας,</em></strong></span> <span class='ocrx_word' id='word_1_49' title='bbox 709 1259 832 1350; x_wconf 77' lang='grc' dir='ltr'><strong><em>ἐίρετο,</em></strong></span> <span class='ocrx_word' id='word_1_50' title='bbox 868 1261 920 1326; x_wconf 76' lang='grc' dir='ltr'>ἐπὶ</span> <span class='ocrx_word' id='word_1_51' title='bbox 947 1254 1050 1352; x_wconf 77' lang='grc' dir='ltr'><strong><em>πόσῳ·</em></strong></span> <span class='ocrx_word' id='word_1_52' title='bbox 1068 1256 1109 1326; x_wconf 77' lang='grc' dir='ltr'>ἂν</span> <span class='ocrx_word' id='word_1_53' title='bbox 1138 1257 1282 1352; x_wconf 79' lang='grc' dir='ltr'><strong><em>χρήματι</em></strong></span> 
     </span>
     <span class='ocr_line' id='line_1_9' title="bbox 360 1355 1282 1454; baseline 0 -23"><span class='ocrx_word' id='word_1_54' title='bbox 360 1357 535 1452; x_wconf 77' lang='grc' dir='ltr'><strong><em>βούλοιντο</em></strong></span> <span class='ocrx_word' id='word_1_55' title='bbox 557 1359 634 1442; x_wconf 81' lang='grc' dir='ltr'><strong><em>τοὺς</em></strong></span> <span class='ocrx_word' id='word_1_56' title='bbox 661 1367 809 1454; x_wconf 79' lang='grc' dir='ltr'><strong><em>πατέρας</em></strong></span> <span class='ocrx_word' id='word_1_57' title='bbox 835 1355 1118 1444; x_wconf 69' lang='grc' dir='ltr'><strong><em>ἀποθνήσκοντας</em></strong></span> <span class='ocrx_word' id='word_1_58' title='bbox 1144 1387 1282 1431; x_wconf 89' lang='grc' dir='ltr'><strong><em>κατασι-</em></strong></span> 
     </span>
     <span class='ocr_line' id='line_1_10' title="bbox 363 1461 1285 1558; baseline 0.001 -25"><span class='ocrx_word' id='word_1_59' title='bbox 363 1471 520 1533; x_wconf 68' lang='grc' dir='ltr'><strong><em>τέεσθαι·</em></strong></span> <span class='ocrx_word' id='word_1_60' title='bbox 539 1461 590 1532; x_wconf 77' lang='lat' dir='ltr'>‘Os</span> <span class='ocrx_word' id='word_1_61' title='bbox 605 1467 657 1542; x_wconf 79' lang='grc' dir='ltr'>δὲ,</span> <span class='ocrx_word' id='word_1_62' title='bbox 683 1461 727 1534; x_wconf 76' lang='grc' dir='ltr'>ἐπ’</span> <span class='ocrx_word' id='word_1_63' title='bbox 747 1461 853 1532; x_wconf 81' lang='grc' dir='ltr'><strong><em>οὐδενὶ</em></strong></span> <span class='ocrx_word' id='word_1_64' title='bbox 871 1465 1002 1557; x_wconf 80' lang='grc' dir='ltr'><strong><em>ἔφασαν</em></strong></span> <span class='ocrx_word' id='word_1_65' title='bbox 1024 1469 1128 1558; x_wconf 76' lang='grc' dir='ltr'><strong><em>ἕρδειν</em></strong></span> <span class='ocrx_word' id='word_1_66' title='bbox 1148 1463 1189 1534; x_wconf 75' lang='grc' dir='ltr'>ἂν</span> <span class='ocrx_word' id='word_1_67' title='bbox 1210 1471 1285 1534; x_wconf 78' lang='grc' dir='ltr'>τού-</span> 
     </span>
     <span class='ocr_line' id='line_1_11' title="bbox 361 1564 1285 1660; baseline 0.001 -24"><span class='ocrx_word' id='word_1_68' title='bbox 361 1595 411 1638; x_wconf 89' lang='grc' dir='ltr'>το.</span> <span class='ocrx_word' id='word_1_69' title='bbox 457 1574 594 1660; x_wconf 79' lang='grc' dir='ltr'><strong><em>Δαρεῖος</em></strong></span> <span class='ocrx_word' id='word_1_70' title='bbox 614 1571 650 1635; x_wconf 79' lang='grc' dir='ltr'>δὲ</span> <span class='ocrx_word' id='word_1_71' title='bbox 671 1564 756 1655; x_wconf 74' lang='grc' dir='ltr'><strong><em>μετὰ</em></strong></span> <span class='ocrx_word' id='word_1_72' title='bbox 776 1571 904 1650; x_wconf 82' lang='grc' dir='ltr'><strong><em>ταῦτα,</em></strong></span> <span class='ocrx_word' id='word_1_73' title='bbox 926 1565 1194 1647; x_wconf 79' lang='grc' dir='ltr'><strong><em>καλέσαςἸνὸῶν</em></strong></span> <span class='ocrx_word' id='word_1_74' title='bbox 1208 1573 1285 1650; x_wconf 82' lang='grc' dir='ltr'><strong><em>τοῦς</em></strong></span> 
     </span>
     <span class='ocr_line' id='line_1_12' title="bbox 361 1670 1285 1759; baseline 0.002 -20"><span class='ocrx_word' id='word_1_75' title='bbox 361 1675 577 1759; x_wconf 79' lang='grc' dir='ltr'><strong><em>καλεομένους</em></strong></span> <span class='ocrx_word' id='word_1_76' title='bbox 597 1672 814 1752; x_wconf 75' lang='grc' dir='ltr'><strong><em>Καλλατίας,</em></strong></span> <span class='ocrx_word' id='word_1_77' title='bbox 836 1675 867 1738; x_wconf 84' lang='lat' dir='ltr'>ol</span> <span class='ocrx_word' id='word_1_78' title='bbox 888 1670 966 1749; x_wconf 84' lang='grc' dir='ltr'>τούς</span> <span class='ocrx_word' id='word_1_79' title='bbox 987 1676 1104 1758; x_wconf 71' lang='grc' dir='ltr'><strong><em>γονέας</em></strong></span> <span class='ocrx_word' id='word_1_80' title='bbox 1124 1675 1285 1741; x_wconf 59' lang='grc' dir='ltr'>κατεσῧιἀ</span> 
     </span>
     <span class='ocr_line' id='line_1_13' title="bbox 347 1769 1285 1867; baseline -0.002 -23"><span class='ocrx_word' id='word_1_81' title='bbox 347 1799 459 1855; x_wconf 79' lang='grc' dir='ltr'><strong><em>οσον,</em></strong></span> <span class='ocrx_word' id='word_1_82' title='bbox 482 1775 584 1866; x_wconf 81' lang='grc' dir='ltr'><strong><em>ἐὶρετο</em></strong></span> <span class='ocrx_word' id='word_1_83' title='bbox 599 1769 786 1865; x_wconf 80' lang='grc' dir='ltr'><strong><em>παρεόντων</em></strong></span> <span class='ocrx_word' id='word_1_84' title='bbox 799 1775 865 1840; x_wconf 83' lang='grc' dir='ltr'>τῶν</span> <span class='ocrx_word' id='word_1_85' title='bbox 878 1769 1050 1855; x_wconf 72' lang='grc' dir='ltr'><strong><em>Ἑλλήνων,</em></strong></span> <span class='ocrx_word' id='word_1_86' title='bbox 1065 1777 1116 1842; x_wconf 80' lang='grc' dir='ltr'>ἐπὶ</span> <span class='ocrx_word' id='word_1_87' title='bbox 1129 1776 1193 1843; x_wconf 83' lang='grc' dir='ltr'><strong><em>τίνι</em></strong></span> <span class='ocrx_word' id='word_1_88' title='bbox 1204 1773 1285 1867; x_wconf 69' lang='grc' dir='ltr'><strong><em>χρή-</em></strong></span> 
     </span>
     <span class='ocr_line' id='line_1_14' title="bbox 362 1872 1284 1970; baseline -0.002 -24"><span class='ocrx_word' id='word_1_89' title='bbox 362 1903 446 1968; x_wconf 88' lang='grc' dir='ltr'><strong><em>ματι</em></strong></span> <span class='ocrx_word' id='word_1_90' title='bbox 466 1872 598 1959; x_wconf 79' lang='grc' dir='ltr'><strong><em>δέξαιντ’</em></strong></span> <span class='ocrx_word' id='word_1_91' title='bbox 622 1873 664 1944; x_wconf 77' lang='grc' dir='ltr'>ἂν</span> <span class='ocrx_word' id='word_1_92' title='bbox 683 1879 909 1954; x_wconf 79' lang='grc' dir='ltr'><strong><em>τελεοτὲοντας</em></strong></span> <span class='ocrx_word' id='word_1_93' title='bbox 930 1873 1008 1955; x_wconf 77' lang='grc' dir='ltr'><strong><em>τοὺς</em></strong></span> <span class='ocrx_word' id='word_1_94' title='bbox 1021 1881 1168 1970; x_wconf 81' lang='grc' dir='ltr'><strong><em>πατέρας</em></strong></span> <span class='ocrx_word' id='word_1_95' title='bbox 1181 1904 1284 1946; x_wconf 86' lang='grc' dir='ltr'><strong><em>κατα-</em></strong></span> 
     </span>
     <span class='ocr_line' id='line_1_15' title="bbox 250 1974 1285 2073; baseline 0.003 -25"><span class='ocrx_word' id='word_1_96' title='bbox 250 2029 264 2048; x_wconf 73' lang='grc'><strong>.</strong></span> <span class='ocrx_word' id='word_1_97' title='bbox 364 1982 467 2048; x_wconf 81' lang='grc' dir='ltr'><strong><em>καίειν</em></strong></span> <span class='ocrx_word' id='word_1_98' title='bbox 494 1981 589 2071; x_wconf 86' lang='grc' dir='ltr'><strong><em>πυρί·</em></strong></span> <span class='ocrx_word' id='word_1_99' title='bbox 626 1983 658 2045; x_wconf 83' lang='grc' dir='ltr'>οἱ</span> <span class='ocrx_word' id='word_1_100' title='bbox 684 1981 720 2046; x_wconf 81' lang='grc' dir='ltr'>δὲ</span> <span class='ocrx_word' id='word_1_101' title='bbox 748 1974 960 2066; x_wconf 70' lang='grc' dir='ltr'><strong><em>ἀμβώσαντες</em></strong></span> <span class='ocrx_word' id='word_1_102' title='bbox 985 1983 1089 2067; x_wconf 77' lang='grc' dir='ltr'><strong><em>μέγα,</em></strong></span> <span class='ocrx_word' id='word_1_103' title='bbox 1123 1983 1285 2073; x_wconf 75' lang='grc' dir='ltr'><strong><em>εὐφημεῖν</em></strong></span> 
     </span>
     <span class='ocr_line' id='line_1_16' title="bbox 361 2077 1285 2174; baseline 0.001 -21"><span class='ocrx_word' id='word_1_104' title='bbox 361 2110 419 2174; x_wconf 90' lang='grc' dir='ltr'>μιν</span> <span class='ocrx_word' id='word_1_105' title='bbox 440 2087 594 2152; x_wconf 78' lang='grc' dir='ltr'><strong><em>ἐκέλευον.</em></strong></span> <span class='ocrx_word' id='word_1_106' title='bbox 638 2085 722 2146; x_wconf 84' lang='lat' dir='ltr'>Tum</span> <span class='ocrx_word' id='word_1_107' title='bbox 751 2082 911 2149; x_wconf 80' lang='lat' dir='ltr'>concludit</span> <span class='ocrx_word' id='word_1_108' title='bbox 943 2077 1028 2148; x_wconf 72' lang='grc' dir='ltr'><strong><em>ὄντα</em></strong></span> <span class='ocrx_word' id='word_1_109' title='bbox 1049 2091 1111 2171; x_wconf 73' lang='grc' dir='ltr'>μὲν</span> <span class='ocrx_word' id='word_1_110' title='bbox 1130 2087 1189 2152; x_wconf 83' lang='grc' dir='ltr'>νῦν</span> <span class='ocrx_word' id='word_1_111' title='bbox 1211 2111 1285 2154; x_wconf 88' lang='grc' dir='ltr'><strong><em>τινα</em></strong></span> 
     </span>
     <span class='ocr_line' id='line_1_17' title="bbox 361 2181 1287 2276; baseline -0.001 -20"><span class='ocrx_word' id='word_1_112' title='bbox 361 2183 567 2276; x_wconf 88' lang='grc' dir='ltr'><strong><em>νενόμισται,</em></strong></span> <span class='ocrx_word' id='word_1_113' title='bbox 597 2191 653 2254; x_wconf 80' lang='grc' dir='ltr'><strong><em>καὶ</em></strong></span> <span class='ocrx_word' id='word_1_114' title='bbox 675 2181 791 2276; x_wconf 71' lang='grc' dir='ltr'><strong><em>ὀρθῶς</em></strong></span> <span class='ocrx_word' id='word_1_115' title='bbox 811 2209 876 2271; x_wconf 85' lang='grc' dir='ltr'>μοι.</span> <span class='ocrx_word' id='word_1_116' title='bbox 891 2186 984 2252; x_wconf 84' lang='grc' dir='ltr'><strong><em>δοκεῖ</em></strong></span> <span class='ocrx_word' id='word_1_117' title='bbox 1000 2187 1171 2275; x_wconf 81' lang='grc' dir='ltr'><strong><em>Πίνδαρος</em></strong></span> <span class='ocrx_word' id='word_1_118' title='bbox 1191 2193 1287 2272; x_wconf 76' lang='grc' dir='ltr'><strong><em>ποιῇ.</em></strong></span> 
     </span>
     <span class='ocr_line' id='line_1_18' title="bbox 342 2283 1388 2380; baseline -0.005 -21"><span class='ocrx_word' id='word_1_119' title='bbox 342 2291 423 2358; x_wconf 80' lang='grc' dir='ltr'><strong><em>’σαι</em></strong></span> <span class='ocrx_word' id='word_1_120' title='bbox 444 2285 546 2378; x_wconf 83' lang='grc' dir='ltr'><strong><em>νόμον</em></strong></span> <span class='ocrx_word' id='word_1_121' title='bbox 566 2284 697 2356; x_wconf 80' lang='grc' dir='ltr'><strong><em>πάντων</em></strong></span> <span class='ocrx_word' id='word_1_122' title='bbox 718 2291 860 2374; x_wconf 78' lang='grc' dir='ltr'>βασιλέα</span> <span class='ocrx_word' id='word_1_123' title='bbox 882 2283 995 2380; x_wconf 75' lang='grc' dir='ltr'><strong><em>φήσας</em></strong></span> <span class='ocrx_word' id='word_1_124' title='bbox 1016 2291 1109 2356; x_wconf 82' lang='grc' dir='ltr'><strong><em>ε’ῐναι.</em></strong></span> <span class='ocrx_word' id='word_1_125' title='bbox 1142 2292 1286 2375; x_wconf 79' lang='lat' dir='ltr'>(Vigor.)</span> <span class='ocrx_word' id='word_1_126' title='bbox 1387 2329 1388 2368; x_wconf 49' lang='grc' dir='ltr'><strong><em>ι</em></strong></span> 
     </span>
     <span class='ocr_line' id='line_1_19' title="bbox 196 2388 1287 2487; baseline -0.002 -27"><span class='ocrx_word' id='word_1_127' title='bbox 196 2419 199 2424; x_wconf 72' lang='grc'>’</span> <span class='ocrx_word' id='word_1_128' title='bbox 260 2398 333 2487; x_wconf 37' lang='grc'>,10)</span> <span class='ocrx_word' id='word_1_129' title='bbox 362 2389 475 2484; x_wconf 79' lang='grc' dir='ltr'><strong><em>παρὰ</em></strong></span> <span class='ocrx_word' id='word_1_130' title='bbox 509 2391 701 2483; x_wconf 80' lang='grc' dir='ltr'><strong><em>Πέρσας]</em></strong></span> <span class='ocrx_word' id='word_1_131' title='bbox 746 2392 813 2454; x_wconf 80' lang='lat' dir='ltr'>Has</span> <span class='ocrx_word' id='word_1_132' title='bbox 850 2393 1020 2456; x_wconf 74' lang='lat' dir='ltr'>Persarum</span> <span class='ocrx_word' id='word_1_133' title='bbox 1052 2388 1287 2481; x_wconf 69' lang='grc' dir='ltr'><strong><em>ιλρρητομιξιάς</em></strong></span> 
     </span>
     <span class='ocr_line' id='line_1_20' title="bbox 364 2494 1284 2582; baseline -0.001 -20"><span class='ocrx_word' id='word_1_134' title='bbox 364 2494 788 2582; x_wconf 84' lang='lat' dir='ltr'>plurimorumsoriptorum</span> <span class='ocrx_word' id='word_1_135' title='bbox 811 2494 998 2558; x_wconf 84' lang='lat' dir='ltr'>auctoritate</span> <span class='ocrx_word' id='word_1_136' title='bbox 1016 2497 1140 2560; x_wconf 57' lang='lat' dir='ltr'>domna</span> <span class='ocrx_word' id='word_1_137' title='bbox 1154 2496 1284 2562; x_wconf 88' lang='lat' dir='ltr'>Brisso-</span> 
     </span>
     <span class='ocr_line' id='line_1_21' title="bbox 263 2597 1286 2672; baseline -0.003 -6"><span class='ocrx_word' id='word_1_138' title='bbox 263 2661 268 2672; x_wconf 83' lang='lat'>‚</span> <span class='ocrx_word' id='word_1_139' title='bbox 363 2602 432 2666; x_wconf 79' lang='lat' dir='ltr'>nitus</span> <span class='ocrx_word' id='word_1_140' title='bbox 453 2600 485 2664; x_wconf 90' lang='lat' dir='ltr'>in</span> <span class='ocrx_word' id='word_1_141' title='bbox 507 2598 633 2662; x_wconf 83' lang='lat' dir='ltr'>erudito</span> <span class='ocrx_word' id='word_1_142' title='bbox 654 2601 693 2661; x_wconf 85' lang='lat' dir='ltr'>de</span> <span class='ocrx_word' id='word_1_143' title='bbox 708 2597 816 2662; x_wconf 85' lang='lat' dir='ltr'>Persis</span> <span class='ocrx_word' id='word_1_144' title='bbox 839 2599 1080 2664; x_wconf 83' lang='lat' dir='ltr'>commentario.</span> <span class='ocrx_word' id='word_1_145' title='bbox 1130 2599 1286 2663; x_wconf 83' lang='lat' dir='ltr'>Theodo-</span> 
     </span>
     <span class='ocr_line' id='line_1_22' title="bbox 364 2701 1287 2784; baseline -0.002 -16"><span class='ocrx_word' id='word_1_146' title='bbox 364 2717 450 2769; x_wconf 88' lang='lat' dir='ltr'>retus</span> <span class='ocrx_word' id='word_1_147' title='bbox 473 2702 567 2766; x_wconf 93' lang='lat' dir='ltr'>Libr.</span> <span class='ocrx_word' id='word_1_148' title='bbox 590 2702 657 2766; x_wconf 85' lang='lat' dir='ltr'>IX.</span> <span class='ocrx_word' id='word_1_149' title='bbox 687 2703 725 2764; x_wconf 82' lang='lat' dir='ltr'>tle</span> <span class='ocrx_word' id='word_1_150' title='bbox 748 2701 866 2764; x_wconf 81' lang='lat' dir='ltr'>Graec.</span> <span class='ocrx_word' id='word_1_151' title='bbox 890 2701 997 2766; x_wconf 82' lang='lat' dir='ltr'>sffeot.</span> <span class='ocrx_word' id='word_1_152' title='bbox 1030 2723 1065 2784; x_wconf 90' lang='lat' dir='ltr'>p.</span> <span class='ocrx_word' id='word_1_153' title='bbox 1090 2703 1152 2764; x_wconf 89' lang='grc'>120</span> <span class='ocrx_word' id='word_1_154' title='bbox 1185 2703 1287 2766; x_wconf 85' lang='lat' dir='ltr'>Zara-</span> 
     </span>
     <span class='ocr_line' id='line_1_23' title="bbox 365 2803 1283 2888; baseline -0.002 -18"><span class='ocrx_word' id='word_1_155' title='bbox 365 2811 436 2870; x_wconf 83' lang='lat' dir='ltr'>dnm</span> <span class='ocrx_word' id='word_1_156' title='bbox 457 2803 622 2887; x_wconf 79' lang='lat' dir='ltr'>impiarum</span> <span class='ocrx_word' id='word_1_157' title='bbox 643 2804 745 2888; x_wconf 85' lang='lat' dir='ltr'>legem</span> <span class='ocrx_word' id='word_1_158' title='bbox 769 2804 1039 2880; x_wconf 65' lang='lat' dir='ltr'>transmontanis,</span> <span class='ocrx_word' id='word_1_159' title='bbox 1064 2827 1159 2887; x_wconf 85' lang='lat' dir='ltr'>quem</span> <span class='ocrx_word' id='word_1_160' title='bbox 1172 2806 1283 2882; x_wconf 85' lang='lat' dir='ltr'>Plato,</span> 
     </span>
     <span class='ocr_line' id='line_1_24' title="bbox 365 2905 1300 2984; baseline -0.005 -9"><span class='ocrx_word' id='word_1_161' title='bbox 365 2911 399 2975; x_wconf 90' lang='lat' dir='ltr'>ni</span> <span class='ocrx_word' id='word_1_162' title='bbox 418 2909 533 2984; x_wconf 83' lang='lat' dir='ltr'>fallor,</span> <span class='ocrx_word' id='word_1_163' title='bbox 558 2909 731 2970; x_wconf 83' lang='lat' dir='ltr'>Zarasdnm</span> <span class='ocrx_word' id='word_1_164' title='bbox 753 2905 870 2970; x_wconf 82' lang='lat' dir='ltr'>alicubi</span> <span class='ocrx_word' id='word_1_165' title='bbox 892 2905 1044 2971; x_wconf 85' lang='lat' dir='ltr'>nominat.</span> <span class='ocrx_word' id='word_1_166' title='bbox 1070 2906 1240 2972; x_wconf 78' lang='lat' dir='ltr'>Caesarius</span> <span class='ocrx_word' id='word_1_167' title='bbox 1262 2905 1300 2971; x_wconf 77' lang='lat' dir='ltr'>l.&#39;</span> 
     </span>
     <span class='ocr_line' id='line_1_25' title="bbox 368 3009 1289 3090; baseline -0.004 -13"><span class='ocrx_word' id='word_1_168' title='bbox 368 3014 422 3077; x_wconf 86' lang='lat' dir='ltr'>cit.</span> <span class='ocrx_word' id='word_1_169' title='bbox 458 3010 624 3076; x_wconf 78' lang='lat' dir='ltr'>Chaldaeis</span> <span class='ocrx_word' id='word_1_170' title='bbox 654 3021 686 3072; x_wconf 92' lang='lat' dir='ltr'>et</span> <span class='ocrx_word' id='word_1_171' title='bbox 713 3009 897 3090; x_wconf 83' lang='lat' dir='ltr'>Babyloniis</span> <span class='ocrx_word' id='word_1_172' title='bbox 930 3009 1010 3072; x_wconf 85' lang='lat' dir='ltr'>idem</span> <span class='ocrx_word' id='word_1_173' title='bbox 1039 3012 1143 3076; x_wconf 80' lang='lat' dir='ltr'>scelus</span> <span class='ocrx_word' id='word_1_174' title='bbox 1177 3011 1289 3074; x_wconf 77' lang='lat' dir='ltr'>tribuit</span> 
     </span>
     <span class='ocr_line' id='line_1_26' title="bbox 363 3107 1289 3206; baseline -0.002 -26"><span class='ocrx_word' id='word_1_175' title='bbox 363 3118 603 3206; x_wconf 76' lang='grc' dir='ltr'><strong><em>μητρογαμεῑν,</em></strong></span> <span class='ocrx_word' id='word_1_176' title='bbox 625 3107 919 3204; x_wconf 77' lang='grc' dir='ltr'><strong><em>ἅδελιμοφθορεῐν,</em></strong></span> <span class='ocrx_word' id='word_1_177' title='bbox 940 3118 994 3178; x_wconf 75' lang='grc' dir='ltr'><strong><em>καὶ</em></strong></span> <span class='ocrx_word' id='word_1_178' title='bbox 1014 3120 1087 3192; x_wconf 80' lang='grc' dir='ltr'><strong><em>ταῖς</em></strong></span> <span class='ocrx_word' id='word_1_179' title='bbox 1102 3114 1196 3200; x_wconf 81' lang='grc' dir='ltr'><strong><em>σφῶν</em></strong></span> <span class='ocrx_word' id='word_1_180' title='bbox 1209 3139 1289 3178; x_wconf 88' lang='grc' dir='ltr'><strong><em>παι-</em></strong></span> 
     </span>
     <span class='ocr_line' id='line_1_27' title="bbox 367 3215 1284 3303; baseline -0.01 -16"><span class='ocrx_word' id='word_1_181' title='bbox 367 3225 419 3287; x_wconf 83' lang='grc' dir='ltr'>σὶν</span> <span class='ocrx_word' id='word_1_182' title='bbox 430 3217 676 3303; x_wconf 71' lang='grc' dir='ltr'><strong><em>ἐπιμαίνεσθαι.</em></strong></span> <span class='ocrx_word' id='word_1_183' title='bbox 692 3216 811 3293; x_wconf 84' lang='lat' dir='ltr'>(Idem)</span> <span class='ocrx_word' id='word_1_184' title='bbox 834 3215 982 3296; x_wconf 75' lang='lat' dir='ltr'>Sophiste</span> <span class='ocrx_word' id='word_1_185' title='bbox 994 3217 1133 3282; x_wconf 83' lang='lat' dir='ltr'>Doricus</span> <span class='ocrx_word' id='word_1_186' title='bbox 1145 3217 1284 3280; x_wconf 84' lang='lat' dir='ltr'>Dissert.</span> 
     </span>
     <span class='ocr_line' id='line_1_28' title="bbox 368 3317 1285 3401; baseline -0.007 -15"><span class='ocrx_word' id='word_1_187' title='bbox 368 3324 416 3386; x_wconf 90' lang='lat' dir='ltr'>ll.</span> <span class='ocrx_word' id='word_1_188' title='bbox 440 3319 562 3384; x_wconf 82' lang='lat' dir='ltr'>Morali</span> <span class='ocrx_word' id='word_1_189' title='bbox 583 3321 667 3401; x_wconf 81' lang='lat' dir='ltr'>opud</span> <span class='ocrx_word' id='word_1_190' title='bbox 682 3318 825 3380; x_wconf 83' lang='lat' dir='ltr'>Galeum&#39;</span> <span class='ocrx_word' id='word_1_191' title='bbox 837 3330 868 3380; x_wconf 85' lang='lat' dir='ltr'>et</span> <span class='ocrx_word' id='word_1_192' title='bbox 881 3318 913 3382; x_wconf 94' lang='lat' dir='ltr'>in</span> <span class='ocrx_word' id='word_1_193' title='bbox 929 3317 1052 3401; x_wconf 85' lang='lat' dir='ltr'>Opnse.</span> <span class='ocrx_word' id='word_1_194' title='bbox 1068 3321 1147 3382; x_wconf 85' lang='lat' dir='ltr'>Vet.</span> <span class='ocrx_word' id='word_1_195' title='bbox 1165 3323 1285 3384; x_wconf 78' lang='lat' dir='ltr'>Graec.</span> 
     </span>
     <span class='ocr_line' id='line_1_29' title="bbox 369 3421 1385 3510; baseline -0.003 -21"><span class='ocrx_word' id='word_1_196' title='bbox 369 3422 567 3489; x_wconf 86' lang='lat' dir='ltr'>sententiosis</span> <span class='ocrx_word' id='word_1_197' title='bbox 591 3424 634 3488; x_wconf 88' lang='grc' dir='ltr'>Τ.</span> <span class='ocrx_word' id='word_1_198' title='bbox 649 3421 697 3486; x_wconf 93' lang='lat' dir='ltr'>Il.</span> <span class='ocrx_word' id='word_1_199' title='bbox 721 3443 755 3506; x_wconf 87' lang='lat' dir='ltr'>p.</span> <span class='ocrx_word' id='word_1_200' title='bbox 769 3421 842 3484; x_wconf 83' lang='grc'><strong>217.</strong></span> <span class='ocrx_word' id='word_1_201' title='bbox 866 3423 917 3484; x_wconf 87' lang='lat' dir='ltr'>ed.</span> <span class='ocrx_word' id='word_1_202' title='bbox 941 3433 1043 3484; x_wconf 87' lang='lat' dir='ltr'>nostr.</span> <span class='ocrx_word' id='word_1_203' title='bbox 1068 3427 1119 3488; x_wconf 86' lang='grc' dir='ltr'>τοὶ</span> <span class='ocrx_word' id='word_1_204' title='bbox 1141 3423 1176 3488; x_wconf 77' lang='grc' dir='ltr'>δὲ</span> <span class='ocrx_word' id='word_1_205' title='bbox 1199 3425 1290 3510; x_wconf 78' lang='grc' dir='ltr'><strong><em>Πέρ-</em></strong></span> <span class='ocrx_word' id='word_1_206' title='bbox 1384 3455 1385 3466; x_wconf 64' lang='lat'>2</span> 
     </span>
     <span class='ocr_line' id='line_1_30' title="bbox 367 3513 1290 3614; baseline -0.007 -20"><span class='ocrx_word' id='word_1_207' title='bbox 367 3552 427 3594; x_wconf 86' lang='grc' dir='ltr'><strong><em>σαι</em></strong></span> <span class='ocrx_word' id='word_1_208' title='bbox 448 3525 653 3612; x_wconf 77' lang='grc' dir='ltr'><strong><em>κοσμεῖσθαὶ</em></strong></span> <span class='ocrx_word' id='word_1_209' title='bbox 673 3549 707 3590; x_wconf 86' lang='grc' dir='ltr'>τε</span> <span class='ocrx_word' id='word_1_210' title='bbox 730 3513 830 3614; x_wconf 71' lang='grc' dir='ltr'><strong><em>ὥςπερ</em></strong></span> <span class='ocrx_word' id='word_1_211' title='bbox 854 3520 914 3600; x_wconf 79' lang='grc' dir='ltr'>τὰς</span> <span class='ocrx_word' id='word_1_212' title='bbox 933 3528 1092 3610; x_wconf 82' lang='grc' dir='ltr'><strong><em>γυναῖκας</em></strong></span> <span class='ocrx_word' id='word_1_213' title='bbox 1099 3574 1108 3604; x_wconf 88' lang='grc'><strong><em>,</em></strong></span> <span class='ocrx_word' id='word_1_214' title='bbox 1147 3527 1204 3590; x_wconf 85' lang='grc' dir='ltr'><strong><em>καὶ</em></strong></span> <span class='ocrx_word' id='word_1_215' title='bbox 1226 3523 1290 3601; x_wconf 79' lang='grc' dir='ltr'>τὼς</span> 
     </span>
     <span class='ocr_line' id='line_1_31' title="bbox 365 3623 1291 3718; baseline -0.006 -22"><span class='ocrx_word' id='word_1_216' title='bbox 365 3626 490 3718; x_wconf 79' lang='grc' dir='ltr'><strong><em>ἄνδρας</em></strong></span> <span class='ocrx_word' id='word_1_217' title='bbox 511 3623 613 3695; x_wconf 84' lang='grc' dir='ltr'><strong><em>καλὸν</em></strong></span> <span class='ocrx_word' id='word_1_218' title='bbox 634 3628 813 3713; x_wconf 79' lang='grc' dir='ltr'><strong><em>νομίζοντι,</em></strong></span> <span class='ocrx_word' id='word_1_219' title='bbox 848 3630 904 3692; x_wconf 84' lang='grc' dir='ltr'><strong><em>καὶ</em></strong></span> <span class='ocrx_word' id='word_1_220' title='bbox 931 3627 975 3718; x_wconf 82' lang='grc' dir='ltr'><strong><em>τᾷ</em></strong></span> <span class='ocrx_word' id='word_1_221' title='bbox 995 3630 1146 3716; x_wconf 71' lang='grc' dir='ltr'><strong><em>θυγατρὶ</em></strong></span> <span class='ocrx_word' id='word_1_222' title='bbox 1168 3631 1224 3692; x_wconf 84' lang='grc' dir='ltr'><strong><em>καὶ</em></strong></span> <span class='ocrx_word' id='word_1_223' title='bbox 1246 3625 1291 3716; x_wconf 63' lang='grc' dir='ltr'>τᾷ</span> 
     </span>
     <span class='ocr_line' id='line_1_32' title="bbox 367 3725 1290 3822; baseline -0.008 -24"><span class='ocrx_word' id='word_1_224' title='bbox 367 3736 485 3822; x_wconf 77' lang='grc' dir='ltr'><strong><em>ματρὶ,</em></strong></span> <span class='ocrx_word' id='word_1_225' title='bbox 506 3733 562 3796; x_wconf 83' lang='grc' dir='ltr'><strong><em>καλ</em></strong></span> <span class='ocrx_word' id='word_1_226' title='bbox 583 3729 626 3820; x_wconf 77' lang='grc' dir='ltr'>τᾷ</span> <span class='ocrx_word' id='word_1_227' title='bbox 647 3725 777 3821; x_wconf 57' lang='lat' dir='ltr'>&amp;talogi</span> <span class='ocrx_word' id='word_1_228' title='bbox 799 3731 940 3817; x_wconf 76' lang='grc' dir='ltr'>συνίμεν.</span> <span class='ocrx_word' id='word_1_229' title='bbox 969 3727 1069 3798; x_wconf 79' lang='lat' dir='ltr'>Cous.</span> <span class='ocrx_word' id='word_1_230' title='bbox 1094 3730 1184 3794; x_wconf 84' lang='lat' dir='ltr'>Sext.</span> <span class='ocrx_word' id='word_1_231' title='bbox 1209 3731 1290 3792; x_wconf 87' lang='lat' dir='ltr'>Em-</span> 
     </span>
     <span class='ocr_line' id='line_1_33' title="bbox 315 3816 1290 3918; baseline -0.005 -20"><span class='ocrx_word' id='word_1_232' title='bbox 315 3816 324 3857; x_wconf 45' lang='lat'><strong>*</strong></span> <span class='ocrx_word' id='word_1_233' title='bbox 370 3834 472 3918; x_wconf 75' lang='lat' dir='ltr'>piric.</span> <span class='ocrx_word' id='word_1_234' title='bbox 493 3833 638 3913; x_wconf 85' lang='lat' dir='ltr'>Pyrhon.</span> <span class='ocrx_word' id='word_1_235' title='bbox 665 3833 791 3914; x_wconf 86' lang='lat' dir='ltr'>Hypot.</span> <span class='ocrx_word' id='word_1_236' title='bbox 839 3832 933 3896; x_wconf 84' lang='lat' dir='ltr'>Libr.</span> <span class='ocrx_word' id='word_1_237' title='bbox 956 3832 1005 3896; x_wconf 93' lang='grc' dir='ltr'>ΙΙ.</span> <span class='ocrx_word' id='word_1_238' title='bbox 1042 3831 1126 3918; x_wconf 82' lang='lat' dir='ltr'><strong>Cap.</strong></span> <span class='ocrx_word' id='word_1_239' title='bbox 1149 3831 1290 3898; x_wconf 84' lang='lat' dir='ltr'>XXIV.</span> 
     </span>
     <span class='ocr_line' id='line_1_34' title="bbox 257 3933 992 4030; baseline -0.004 -28"><span class='ocrx_word' id='word_1_240' title='bbox 257 3993 261 4002; x_wconf 93' lang='lat'><strong>.</strong></span> <span class='ocrx_word' id='word_1_241' title='bbox 371 3960 403 4002; x_wconf 87' lang='lat' dir='ltr'>v.</span> <span class='ocrx_word' id='word_1_242' title='bbox 428 3936 501 4030; x_wconf 74' lang='grc'><strong>205.</strong></span> <span class='ocrx_word' id='word_1_243' title='bbox 524 3959 558 4018; x_wconf 87' lang='lat' dir='ltr'>p.</span> <span class='ocrx_word' id='word_1_244' title='bbox 584 3936 656 4000; x_wconf 85' lang='grc'><strong>178.</strong></span> <span class='ocrx_word' id='word_1_245' title='bbox 680 3937 731 3997; x_wconf 90' lang='lat' dir='ltr'>ed.</span> <span class='ocrx_word' id='word_1_246' title='bbox 754 3933 882 4000; x_wconf 84' lang='lat' dir='ltr'>Fabric.</span> <span class='ocrx_word' id='word_1_247' title='bbox 916 3934 992 4014; x_wconf 88' lang='grc' dir='ltr'><strong>(Ο.)</strong></span> 
     </span>
    </p>
   </div>
   <div class='ocr_carea' id='block_1_2' title="bbox 0 0 1406 4786">
    <p class='ocr_par' dir='ltr' id='par_1_2' title="bbox 0 0 1406 4786">
     <span class='ocr_line' id='line_1_35' title="bbox 0 0 1406 4786; baseline 0 0"><span class='ocrx_word' id='word_1_248' title='bbox 0 0 1406 4786; x_wconf 95' lang='lat' dir='ltr'> </span> 
     </span>
    </p>
   </div>
  </div>
 </body>
</html>
