2804 4786
278 359 339 422 302

359 532 551 598 inelinimus.
596 531 730 598 Aldinae
751 530 898 596 omittunt
919 531 987 598 uel·
1018 525 1126 618 Θυνοί.
1150 530 1202 606 ed.
1224 528 1279 598 eal

284 665 288 678 ·
359 631 418 703 διά
436 637 563 704 τοῦτον
583 639 668 726 πέρι.
711 634 785 715 (Ο.)
1051 708 1056 720 ,
1241 701 1249 712 ,

296 736 330 817 9)
358 737 430 818 τῆς
462 731 733 814 ἀκολουθίας
764 730 941 818 ταύτης]
961 743 967 760 ’
984 737 1035 802 Ita
1056 731 1166 802 cas'el.
1186 739 1282 802 bene.

360 839 489 922 Reliqui
509 839 568 920 τῆς
588 833 800 917 ἀκολουθίας
819 839 889 920 τῆς.
979 875 987 896 ·

275 943 330 1024 10)
359 936 426 1008 οὐκ
447 940 538 1008 ἔστι
566 943 610 1007 δὲ
638 937 791 1030 νόμος]
834 944 943 1008 Ηιινσ.
965 941 1101 1008 Aldinae
1122 941 1283 1010 et-Casel.

359 1039 419 1111 οὐκ
441 1042 511 1111 ἔστι
532 1041 597 1135 γάρ
618 1040 731 1131 νόμος.

275 1147 329 1227 11)
350 1143 424 1214 τὸν
444 1141 704 1238 καθ’-ὁρμὴν
725 1147 1002 1237 ἐνεργοῦντα]
1025 1150 1134 1214 Havn·
1150 1141 1282 1216 τὸκαθ

363 1245 480 1341 ὁρμὴν.
502 1271 582 1335 quae
600 1249 697 1315 lectio
712 1251 742 1316 si
758 1273 836 1316 vera
849 1263 910 1332 est,
930 1251 1132 1318 scribendum
1153 1247 1194 1320 τὸ
1208 1293 1226 1308 ·
1239 1293 1256 1306 -
1270 1286 1284 1300 -

359 1353 520 1444 ἐνεργοῦν.
563 1353 638 1435 (0.)
930 1421 934 1428 ,

275 1456 330 1538 12)
358 1462 431 1526 καὶ
451 1453 525 1539 τὴν
546 1453 695 1525 άιτίαν
716 1451 1304 1541 τὴνέξάυτοῦπάντωςέκεί-’

357 1584 449 1638 νοις
469 1555 720 1640 συνάπτειν]
758 1561 807 1626 Ita
833 1561 941 1628 Caeel.
967 1564 1077 1628 Lond.
1100 1573 1205 1626 autem
1227 1555 1285 1641 τὴν

357 1659 469 1731 άιτίαν
489 1659 550 1744 τὴν
569 1662 604 1744 ἐξ
623 1658 880 1742 άυτοῦ’πάντως
903 1664 1037 1744 ἐκείνοις
1065 1657 1286 1733 συνάπτοντα.

359 1767 437 1830 Ald.
461 1760 628 1834 συνάπτον
648 1765 719 1830 scil.
742 1763 782 1834 τὸ
804 1767 963 1855 ἐνεργοῦν.
1006 1767 1079 1849 (0.)

274 1871 329 1950 18)
357 1869 616 1952 κυλίεσθαι]
650 1867 759 1936 Casel.
783 1867 989 1939 κωλύεσθαι.
1030 1871 1134 1935 Male.

275 1975 331 2056 11)
360 1969 406 2040 τὸ
435 1968 531 2040 καθ’
562 1967 716 2064 ὁρμὴν]
760 1976 810 2039 lta
830 1975 940 2038 Havn.
962 1974 1065 2039 Recte
1085 1995 1175 2040 eane.
1197 1973 1283 2038 Edd.

358 2072 403 2142 τά
423 2071 505 2144 καθ’
533 2070 649 2168 ὁρμήν.
690 2077 805 2158 (casp.
828 2079 947 2151 Orell.)

275 2179 329 2259 15)
350 2183 388 2245 τὶ
409 2175 488 2271 γάρ
511 2174 689 2273 ὄφελος]
712 2178 848 2243 Aldinae
870 2173 909 2245 τὸ
930 2173 995 2271 γάρ
1018 2176 1142 2274 ὄφελος
1155 2181 1282 2246 vitiose.

210 2351 213 2360 ,
274 2282 354 2364 152)
376 2282 453 2350 τῶν
473 2277 750 2374 πραττόντων
771 2281 1036 2370 δυναμένων]
1061 2284 1197 2350 Aldinae
1222 2285 1283 2352 τῶν

356 2387 590 2477 πραττομένων
609 2387 798 2473 δυναμένων
818 2380 947 2451 vitiose·

275 2487 330 2572 16)
358 2482 379 2570 ἡ
409 2491 451 2556 δὲ
480 2489 760 2579 ἑιμαρμένη·-
786 2531 803 2544 -
830 2530 848 2544 -
874 2530 892 2544 -
919 2512 1025 2583 φησι
1052 2488 1281 2577 γίνεσθαι]

307 2671 309 2679 Ι
357 2593 445 2658 Num
465 2593 505 2686 τῇ
525 2594 563 2660 δὲ
584 2591 762 2686 ίιμαρμίνῃ
794 2633 812 2647 -
842 2634 859 2647 -
891 2585 910 2647 -‘
936 2634 954 2648 -
986 2597 1072 2686 φασί
1098 2592 1283 2680 γίνεσθαιῗ

359 2696 433 2778 (Ο.)
477 2693 608 2761 Servari
626 2706 734 2780 potest
757 2690 905 2782 vulgata,
936 2707 972 2760 ut
993 2696 1034 2760 sit
1055 2695 1220 2780 oppositio
1243 2699 1281 2759 ad
1380 2713 1381 2731 ¹

163 2817 167 2830 ·
225 2837 229 2844 ·
356 2798 413 2864 illa
433 2792 453 2864 ὁ
474 2793 554 2892 γάρ’
568 2791 679 2886 νόμος.
729 2799 790 2864 Est
821 2797 929 2884 quasi:
969 2795 1129 2866 doctrina
1143 2801 1223 2863 deta
1244 2798 1284 2864 de

351 2905 441 2988 fato
466 2901 648 2970 contendit.
689 2901 804 2984 (Οσιμ.
826 2903 947 2986 O'rell.)

257 2997 330 3086 '17)
358 3005 438 3071 τῶν
469 3006 513 3074 δὲ
541 3000 587 3071 δι’
618 2999 771 3092 ὁμοίας
798 3001 1049 3091 γινομένων]
1091 3001 1228 3066 Aldinae
1254 3013 1284 3064 et

272 3175 273 3184 ,
358 3101 646 3200 (ίιοοΙίιιοτῷδὲδί
664 3100 782 3195 ὁμοίας
793 3107 963 3198 γινομένῳ,
977 3107 1172 3192 quodsensu
1183 3117 1282 3170 caret.

276 3209 330 3291 18)
351 3205 402 3283 τά
422 3203 505 3277 κατ’
530 3205 681 3291 άυτὸν]
704 3208 838 3274 Aldinae
852 3203 935 3276 καθ’
952 3203 1199 3288 Andecaui.
1212 3201 1280 3274 κατ’

360 3307 490 3391 άυτοὺς.
512 3313 615 3378 Male.
637 3308 707 3380 κατ’
731 3307 834 3380 άυτὸν
855 3311 926 3377 scil.
947 3306 1050 3408 νόμον
1072 3311 1161 3404 quod
1174 3309 1284 3375 subin·

360 3415 569 3502 telligendum
591 3439 609 3481 e
634 3415 908 3501 praecedentibus.
953 3415 1029 3496 (Ο.)

274 3519 330 3601 19)
357 3515 408 3586 τά
429 3516 483 3607 μὴ
505 3515 589 3587 κατ’
613 3514 765 3600 άυτὸν]
797 3518 932 3584 Aldinae
946 3513 991 3585 τά
1002 3515 1049 3607 μὴ
1063 3511 1132 3586 κατ’
1149 3505 1283 3598 άυτοιίς.
1375 3579 1376 3627 ρ

359 3623 462 3687 Male.
506 3623 591 3687 Vide
613 3621 732 3687 Nolam
753 3624 1009 3708 praecedentem.

263 3726 329 3808 20)
357 3721 403 3793 τὸ
423 3724 544 3812 γοῦν]
580 3727 630 3792 Ita
654 3728 763 3791 Havn.
786 3725 921 3791 Aldinae
940 3738 971 3791 et
993 3718 1102 3791 Casel.
1124 3715 1178 3792 ὅτι
1202 3723 1285 3810 γοῦν
1374 3749 1375 3805 l

361 3830 471 3892 Lond.
494 3828 567 3911 (Ο.)
600 3831 643 3898 Et
657 3831 722 3898 hoc
739 3830 866 3901 videtur
879 3829 1133 3918 praeferendum.
1166 3827 1283 3910 (θυεμ.

363 3931 483 4009 Orell.)

1233 4377 1235 4380 J
