<?xml version="1.0" encoding="UTF-8"?>
<!DOCTYPE html PUBLIC "-//W3C//DTD XHTML 1.0 Transitional//EN"
    "http://www.w3.org/TR/xhtml1/DTD/xhtml1-transitional.dtd">
<html xmlns="http://www.w3.org/1999/xhtml" xml:lang="en" lang="en">
 <head>
  <title>
</title>
<meta http-equiv="Content-Type" content="text/html;charset=utf-8" />
  <meta name='ocr-system' content='tesseract 3.04.00' />
  <meta name='ocr-capabilities' content='ocr_page ocr_carea ocr_par ocr_line ocrx_word'/>
</head>
<body>
  <div class='ocr_page' id='page_1' title='image "./alexandriaphrod01bardgoog_0174.png"; bbox 0 0 2782 4790; ppageno 0'>
   <div class='ocr_carea' id='block_1_1' title="bbox 1059 459 1119 526">
    <p class='ocr_par' dir='ltr' id='par_1_1' title="bbox 1059 459 1119 526">
     <span class='ocr_line' id='line_1_1' title="bbox 1059 459 1119 526; baseline -0.1 -1"><span class='ocrx_word' id='word_1_1' title='bbox 1059 459 1119 526; x_wconf 75' lang='lat' dir='ltr'><strong>tte</strong></span> 
     </span>
    </p>
   </div>
   <div class='ocr_carea' id='block_1_2' title="bbox 38 617 1207 3506">
    <p class='ocr_par' dir='ltr' id='par_1_2' title="bbox 89 617 1207 2148">
     <span class='ocr_line' id='line_1_2' title="bbox 122 617 1121 704; baseline 0.006 -21"><span class='ocrx_word' id='word_1_2' title='bbox 122 617 246 686; x_wconf 87' lang='lat' dir='ltr'><strong>lavetur</strong></span> <span class='ocrx_word' id='word_1_3' title='bbox 271 641 371 697; x_wconf 84' lang='lat' dir='ltr'><strong>nunc3</strong></span> <span class='ocrx_word' id='word_1_4' title='bbox 407 633 458 685; x_wconf 87' lang='lat' dir='ltr'><strong>aut</strong></span> <span class='ocrx_word' id='word_1_5' title='bbox 483 623 551 685; x_wconf 85' lang='lat' dir='ltr'><strong>heri</strong></span> <span class='ocrx_word' id='word_1_6' title='bbox 575 623 659 688; x_wconf 90' lang='lat' dir='ltr'><strong>lotus</strong></span> <span class='ocrx_word' id='word_1_7' title='bbox 685 624 725 686; x_wconf 89' lang='lat' dir='ltr'><strong>sit</strong></span> <span class='ocrx_word' id='word_1_8' title='bbox 747 623 919 704; x_wconf 81' lang='lat' dir='ltr'><strong>Socrates,</strong></span> <span class='ocrx_word' id='word_1_9' title='bbox 954 647 1031 688; x_wconf 87' lang='lat' dir='ltr'><strong>vera</strong></span> <span class='ocrx_word' id='word_1_10' title='bbox 1062 626 1121 690; x_wconf 86' lang='lat' dir='ltr'><strong>erit</strong></span> 
     </span>
     <span class='ocr_line' id='line_1_3' title="bbox 89 723 1123 812; baseline 0.005 -25"><span class='ocrx_word' id='word_1_11' title='bbox 89 723 95 738; x_wconf 89' lang='lat'>&#39;</span> <span class='ocrx_word' id='word_1_12' title='bbox 123 725 206 788; x_wconf 88' lang='lat' dir='ltr'><strong>aiens</strong></span> <span class='ocrx_word' id='word_1_13' title='bbox 228 725 417 790; x_wconf 86' lang='lat' dir='ltr'>enuntiatio:</span> <span class='ocrx_word' id='word_1_14' title='bbox 453 725 600 790; x_wconf 84' lang='lat' dir='ltr'><strong>Socrates</strong></span> <span class='ocrx_word' id='word_1_15' title='bbox 619 727 725 804; x_wconf 87' lang='lat' dir='ltr'><strong>lavat,</strong></span> <span class='ocrx_word' id='word_1_16' title='bbox 758 725 906 793; x_wconf 84' lang='lat' dir='ltr'><strong>Socrates</strong></span> <span class='ocrx_word' id='word_1_17' title='bbox 930 728 1002 792; x_wconf 90' lang='lat' dir='ltr'><strong>heri</strong></span> <span class='ocrx_word' id='word_1_18' title='bbox 1027 729 1123 812; x_wconf 76' lang='lat' dir='ltr'><strong>lavit3</strong></span> 
     </span>
     <span class='ocr_line' id='line_1_4' title="bbox 121 829 1124 915; baseline 0.004 -23"><span class='ocrx_word' id='word_1_19' title='bbox 121 851 239 914; x_wconf 87' lang='lat' dir='ltr'><strong>negans</strong></span> <span class='ocrx_word' id='word_1_20' title='bbox 262 850 342 893; x_wconf 82' lang='lat' dir='ltr'><strong>vero</strong></span> <span class='ocrx_word' id='word_1_21' title='bbox 366 829 488 908; x_wconf 92' lang='lat' dir='ltr'><strong>oratio,</strong></span> <span class='ocrx_word' id='word_1_22' title='bbox 526 851 606 912; x_wconf 89' lang='lat' dir='ltr'><strong>quae</strong></span> <span class='ocrx_word' id='word_1_23' title='bbox 628 830 753 894; x_wconf 85' lang='lat' dir='ltr'><strong>auferre</strong></span> <span class='ocrx_word' id='word_1_24' title='bbox 781 831 890 896; x_wconf 91' lang='lat' dir='ltr'><strong>nititur</strong></span> <span class='ocrx_word' id='word_1_25' title='bbox 910 831 943 896; x_wconf 92' lang='lat' dir='ltr'><strong>id</strong></span> <span class='ocrx_word' id='word_1_26' title='bbox 964 834 1051 915; x_wconf 89' lang='lat' dir='ltr'><strong>quod</strong></span> <span class='ocrx_word' id='word_1_27' title='bbox 1076 845 1124 897; x_wconf 91' lang='lat' dir='ltr'><strong>est</strong></span> 
     </span>
     <span class='ocr_line' id='line_1_5' title="bbox 121 931 1124 1020; baseline 0.006 -26"><span class='ocrx_word' id='word_1_28' title='bbox 121 944 175 995; x_wconf 91' lang='lat' dir='ltr'><strong>aut</strong></span> <span class='ocrx_word' id='word_1_29' title='bbox 196 932 275 1010; x_wconf 88' lang='lat' dir='ltr'><strong>fuit,</strong></span> <span class='ocrx_word' id='word_1_30' title='bbox 314 931 479 998; x_wconf 86' lang='lat' dir='ltr'><strong>manifesto</strong></span> <span class='ocrx_word' id='word_1_31' title='bbox 504 932 584 996; x_wconf 80' lang='lat' dir='ltr'><strong>falsa</strong></span> <span class='ocrx_word' id='word_1_32' title='bbox 604 945 664 996; x_wconf 92' lang='lat' dir='ltr'><strong>est.</strong></span> <span class='ocrx_word' id='word_1_33' title='bbox 716 931 839 998; x_wconf 83' lang='lat' dir='ltr'><strong>Contra</strong></span> <span class='ocrx_word' id='word_1_34' title='bbox 860 934 888 999; x_wconf 88' lang='lat' dir='ltr'><strong>si</strong></span> <span class='ocrx_word' id='word_1_35' title='bbox 911 957 1013 1020; x_wconf 88' lang='lat' dir='ltr'><strong>neque</strong></span> <span class='ocrx_word' id='word_1_36' title='bbox 1037 937 1124 1000; x_wconf 91' lang='lat' dir='ltr'><strong>lavet</strong></span> 
     </span>
     <span class='ocr_line' id='line_1_6' title="bbox 120 1023 1124 1122; baseline 0.004 -23"><span class='ocrx_word' id='word_1_37' title='bbox 120 1057 225 1114; x_wconf 90' lang='lat' dir='ltr'><strong>nunc,</strong></span> <span class='ocrx_word' id='word_1_38' title='bbox 264 1057 367 1120; x_wconf 89' lang='lat' dir='ltr'><strong>neque</strong></span> <span class='ocrx_word' id='word_1_39' title='bbox 391 1035 461 1098; x_wconf 92' lang='lat' dir='ltr'><strong>heri</strong></span> <span class='ocrx_word' id='word_1_40' title='bbox 487 1024 601 1100; x_wconf 85' lang='lat' dir='ltr'><strong>laverit</strong></span> <span class='ocrx_word' id='word_1_41' title='bbox 626 1036 797 1115; x_wconf 81' lang='lat' dir='ltr'><strong>Socrates,</strong></span> <span class='ocrx_word' id='word_1_42' title='bbox 836 1023 1002 1122; x_wconf 81' lang='lat' dir='ltr'><strong>negantem</strong></span> <span class='ocrx_word' id='word_1_43' title='bbox 1025 1061 1124 1104; x_wconf 86' lang='lat' dir='ltr'><strong>enun-</strong></span> 
     </span>
     <span class='ocr_line' id='line_1_7' title="bbox 119 1139 1179 1246; baseline 0.006 -44"><span class='ocrx_word' id='word_1_44' title='bbox 119 1140 281 1212; x_wconf 83' lang='lat' dir='ltr'><strong>tiationem</strong></span> <span class='ocrx_word' id='word_1_45' title='bbox 304 1139 372 1203; x_wconf 88' lang='lat' dir='ltr'><strong>sive</strong></span> <span class='ocrx_word' id='word_1_46' title='bbox 391 1141 428 1202; x_wconf 91' lang='lat' dir='ltr'><strong>de</strong></span> <span class='ocrx_word' id='word_1_47' title='bbox 445 1139 622 1221; x_wconf 89' lang='lat' dir='ltr'><strong>praesenti,</strong></span> <span class='ocrx_word' id='word_1_48' title='bbox 658 1140 725 1204; x_wconf 88' lang='lat' dir='ltr'><strong>sive</strong></span> <span class='ocrx_word' id='word_1_49' title='bbox 743 1143 780 1204; x_wconf 92' lang='lat' dir='ltr'><strong>de</strong></span> <span class='ocrx_word' id='word_1_50' title='bbox 797 1142 969 1223; x_wconf 88' lang='lat' dir='ltr'><strong>praeterito</strong></span> <span class='ocrx_word' id='word_1_51' title='bbox 991 1154 1124 1208; x_wconf 88' lang='lat' dir='ltr'><strong>sumtam</strong></span> <span class='ocrx_word' id='word_1_52' title='bbox 1175 1221 1179 1246; x_wconf 30' lang='grc' dir='ltr'>ἱ</span> 
     </span>
     <span class='ocr_line' id='line_1_8' title="bbox 119 1244 1123 1326; baseline 0.002 -19"><span class='ocrx_word' id='word_1_53' title='bbox 119 1265 230 1308; x_wconf 80' lang='lat' dir='ltr'><strong>veram</strong></span> <span class='ocrx_word' id='word_1_54' title='bbox 249 1265 317 1306; x_wconf 89' lang='lat' dir='ltr'><strong>esse</strong></span> <span class='ocrx_word' id='word_1_55' title='bbox 334 1263 463 1305; x_wconf 87' lang='lat' dir='ltr'><strong>necesse</strong></span> <span class='ocrx_word' id='word_1_56' title='bbox 490 1256 559 1320; x_wconf 91' lang='lat' dir='ltr'><strong>est,</strong></span> <span class='ocrx_word' id='word_1_57' title='bbox 599 1255 711 1312; x_wconf 88' lang='lat' dir='ltr'><strong>contra</strong></span> <span class='ocrx_word' id='word_1_58' title='bbox 736 1265 804 1306; x_wconf 85' lang='lat' dir='ltr'><strong>eam</strong></span> <span class='ocrx_word' id='word_1_59' title='bbox 828 1265 909 1326; x_wconf 89' lang='lat' dir='ltr'><strong>quae</strong></span> <span class='ocrx_word' id='word_1_60' title='bbox 931 1244 964 1307; x_wconf 94' lang='lat' dir='ltr'><strong>id</strong></span> <span class='ocrx_word' id='word_1_61' title='bbox 984 1245 1027 1308; x_wconf 91' lang='lat' dir='ltr'><strong>ait</strong></span> <span class='ocrx_word' id='word_1_62' title='bbox 1056 1267 1123 1310; x_wconf 87' lang='lat' dir='ltr'><strong>esse</strong></span> 
     </span>
     <span class='ocr_line' id='line_1_9' title="bbox 120 1345 1125 1429; baseline 0.004 -21"><span class='ocrx_word' id='word_1_63' title='bbox 120 1359 172 1409; x_wconf 91' lang='lat' dir='ltr'><strong>aut</strong></span> <span class='ocrx_word' id='word_1_64' title='bbox 199 1347 316 1423; x_wconf 84' lang='lat' dir='ltr'><strong>fuisse,</strong></span> <span class='ocrx_word' id='word_1_65' title='bbox 352 1349 440 1429; x_wconf 94' lang='lat' dir='ltr'><strong>quod</strong></span> <span class='ocrx_word' id='word_1_66' title='bbox 470 1368 529 1408; x_wconf 90' lang='lat' dir='ltr'><strong>nec</strong></span> <span class='ocrx_word' id='word_1_67' title='bbox 559 1358 622 1423; x_wconf 89' lang='lat' dir='ltr'><strong>est,</strong></span> <span class='ocrx_word' id='word_1_68' title='bbox 662 1369 720 1410; x_wconf 92' lang='lat' dir='ltr'><strong>nec</strong></span> <span class='ocrx_word' id='word_1_69' title='bbox 743 1346 826 1424; x_wconf 85' lang='lat' dir='ltr'><strong>fuit,</strong></span> <span class='ocrx_word' id='word_1_70' title='bbox 860 1345 984 1412; x_wconf 84' lang='lat' dir='ltr'><strong>salsam.</strong></span> <span class='ocrx_word' id='word_1_71' title='bbox 1029 1347 1125 1412; x_wconf 85' lang='lat' dir='ltr'><strong>Circa</strong></span> 
     </span>
     <span class='ocr_line' id='line_1_10' title="bbox 118 1443 1207 1544; baseline 0.003 -32"><span class='ocrx_word' id='word_1_72' title='bbox 118 1464 243 1533; x_wconf 88' lang='lat' dir='ltr'><strong>tempus</strong></span> <span class='ocrx_word' id='word_1_73' title='bbox 269 1470 350 1513; x_wconf 86' lang='lat' dir='ltr'><strong>vero</strong></span> <span class='ocrx_word' id='word_1_74' title='bbox 375 1449 519 1514; x_wconf 82' lang='lat' dir='ltr'><strong>futurum</strong></span> <span class='ocrx_word' id='word_1_75' title='bbox 544 1449 619 1544; x_wconf 77' lang='lat' dir='ltr'><strong>dicit</strong></span> <span class='ocrx_word' id='word_1_76' title='bbox 640 1451 732 1536; x_wconf 84' lang='lat' dir='ltr'><strong>etiam</strong></span> <span class='ocrx_word' id='word_1_77' title='bbox 759 1449 805 1522; x_wconf 73' lang='lat' dir='ltr'><strong>inj</strong></span> <span class='ocrx_word' id='word_1_78' title='bbox 821 1449 867 1514; x_wconf 86' lang='lat' dir='ltr'><strong>eis¹</strong></span> <span class='ocrx_word' id='word_1_79' title='bbox 896 1450 1124 1515; x_wconf 83' lang='lat' dir='ltr'><strong>enuntiationes</strong></span> <span class='ocrx_word' id='word_1_80' title='bbox 1205 1443 1207 1450; x_wconf 56' lang='grc'>’</span> 
     </span>
     <span class='ocr_line' id='line_1_11' title="bbox 118 1554 1124 1644; baseline 0 -26"><span class='ocrx_word' id='word_1_81' title='bbox 118 1557 158 1618; x_wconf 85' lang='lat' dir='ltr'><strong>de</strong></span> <span class='ocrx_word' id='word_1_82' title='bbox 184 1575 222 1615; x_wconf 88' lang='lat' dir='ltr'><strong>re</strong></span> <span class='ocrx_word' id='word_1_83' title='bbox 247 1573 371 1636; x_wconf 89' lang='lat' dir='ltr'><strong>quaque</strong></span> <span class='ocrx_word' id='word_1_84' title='bbox 403 1565 456 1615; x_wconf 91' lang='lat' dir='ltr'><strong>aut</strong></span> <span class='ocrx_word' id='word_1_85' title='bbox 482 1575 575 1618; x_wconf 86' lang='lat' dir='ltr'><strong>veras</strong></span> <span class='ocrx_word' id='word_1_86' title='bbox 601 1575 668 1616; x_wconf 90' lang='lat' dir='ltr'><strong>esse</strong></span> <span class='ocrx_word' id='word_1_87' title='bbox 694 1565 747 1616; x_wconf 87' lang='lat' dir='ltr'><strong>aut</strong></span> <span class='ocrx_word' id='word_1_88' title='bbox 775 1554 892 1632; x_wconf 88' lang='lat' dir='ltr'><strong>salsas,</strong></span> <span class='ocrx_word' id='word_1_89' title='bbox 911 1576 992 1644; x_wconf 25' lang='lat' dir='ltr'><strong>&#39;uon</strong></span> <span class='ocrx_word' id='word_1_90' title='bbox 1020 1567 1124 1618; x_wconf 91' lang='lat' dir='ltr'><strong>tamen</strong></span> 
     </span>
     <span class='ocr_line' id='line_1_12' title="bbox 118 1653 1124 1742; baseline 0.001 -21"><span class='ocrx_word' id='word_1_91' title='bbox 118 1660 232 1723; x_wconf 89' lang='lat' dir='ltr'><strong>eodem</strong></span> <span class='ocrx_word' id='word_1_92' title='bbox 252 1660 350 1721; x_wconf 90' lang='lat' dir='ltr'><strong>modo</strong></span> <span class='ocrx_word' id='word_1_93' title='bbox 373 1678 437 1741; x_wconf 92' lang='lat' dir='ltr'><strong>quo</strong></span> <span class='ocrx_word' id='word_1_94' title='bbox 460 1657 544 1720; x_wconf 89' lang='lat' dir='ltr'><strong>circa</strong></span> <span class='ocrx_word' id='word_1_95' title='bbox 557 1669 688 1740; x_wconf 80' lang='lat' dir='ltr'><strong>tempus</strong></span> <span class='ocrx_word' id='word_1_96' title='bbox 708 1669 762 1719; x_wconf 91' lang='lat' dir='ltr'><strong>aut</strong></span> <span class='ocrx_word' id='word_1_97' title='bbox 782 1679 931 1740; x_wconf 87' lang='lat' dir='ltr'><strong>praesens</strong></span> <span class='ocrx_word' id='word_1_98' title='bbox 958 1670 1010 1722; x_wconf 89' lang='lat' dir='ltr'><strong>aut</strong></span> <span class='ocrx_word' id='word_1_99' title='bbox 1020 1653 1124 1742; x_wconf 87' lang='lat' dir='ltr'><strong>&#39;prae-</strong></span> 
     </span>
     <span class='ocr_line' id='line_1_13' title="bbox 117 1749 1177 1844; baseline 0.001 -20"><span class='ocrx_word' id='word_1_100' title='bbox 117 1761 260 1825; x_wconf 84' lang='lat' dir='ltr'><strong>teritum.</strong></span> <span class='ocrx_word' id='word_1_101' title='bbox 304 1761 418 1844; x_wconf 82' lang='lat' dir='ltr'><strong>Neque</strong></span> <span class='ocrx_word' id='word_1_102' title='bbox 437 1761 519 1824; x_wconf 88' lang='lat' dir='ltr'><strong>enim</strong></span> <span class='ocrx_word' id='word_1_103' title='bbox 541 1761 666 1838; x_wconf 88' lang='lat' dir='ltr'><strong>definite</strong></span> <span class='ocrx_word' id='word_1_104' title='bbox 684 1761 745 1824; x_wconf 91' lang='lat' dir='ltr'><strong>dici</strong></span> <span class='ocrx_word' id='word_1_105' title='bbox 766 1773 894 1844; x_wconf 91' lang='lat' dir='ltr'><strong>potest,</strong></span> <span class='ocrx_word' id='word_1_106' title='bbox 925 1773 996 1826; x_wconf 90' lang='lat' dir='ltr'><strong>utra</strong></span> <span class='ocrx_word' id='word_1_107' title='bbox 1017 1784 1125 1825; x_wconf 88' lang='lat' dir='ltr'><strong>earum</strong></span> <span class='ocrx_word' id='word_1_108' title='bbox 1170 1749 1177 1763; x_wconf 74' lang='grc'><strong>’</strong></span> 
     </span>
     <span class='ocr_line' id='line_1_14' title="bbox 116 1863 1121 1948; baseline 0 -18"><span class='ocrx_word' id='word_1_109' title='bbox 116 1886 196 1930; x_wconf 84' lang='lat' dir='ltr'><strong>vera</strong></span> <span class='ocrx_word' id='word_1_110' title='bbox 224 1863 264 1927; x_wconf 91' lang='lat' dir='ltr'><strong>sit</strong></span> <span class='ocrx_word' id='word_1_111' title='bbox 287 1864 411 1942; x_wconf 77' lang='lat' dir='ltr'><strong>futrua,</strong></span> <span class='ocrx_word' id='word_1_112' title='bbox 446 1877 518 1927; x_wconf 89' lang='lat' dir='ltr'><strong>utra</strong></span> <span class='ocrx_word' id='word_1_113' title='bbox 541 1865 640 1941; x_wconf 88' lang='lat' dir='ltr'><strong>falsa,</strong></span> <span class='ocrx_word' id='word_1_114' title='bbox 671 1865 820 1948; x_wconf 87' lang='lat' dir='ltr'><strong>quamdiu</strong></span> <span class='ocrx_word' id='word_1_115' title='bbox 836 1879 975 1930; x_wconf 83' lang='lat' dir='ltr'><strong>resnou</strong></span> <span class='ocrx_word' id='word_1_116' title='bbox 998 1865 1121 1942; x_wconf 90' lang='lat' dir='ltr'><strong>evenit,</strong></span> 
     </span>
     <span class='ocr_line' id='line_1_15' title="bbox 116 1967 838 2053; baseline 0 -21"><span class='ocrx_word' id='word_1_117' title='bbox 116 1979 289 2053; x_wconf 90' lang='lat' dir='ltr'><strong>potestque</strong></span> <span class='ocrx_word' id='word_1_118' title='bbox 312 1967 365 2031; x_wconf 85' lang='lat' dir='ltr'><strong>vel</strong></span> <span class='ocrx_word' id='word_1_119' title='bbox 386 1969 513 2032; x_wconf 86' lang='lat' dir='ltr'><strong>evenire</strong></span> <span class='ocrx_word' id='word_1_120' title='bbox 536 1969 589 2032; x_wconf 87' lang='lat' dir='ltr'><strong>vel</strong></span> <span class='ocrx_word' id='word_1_121' title='bbox 610 1983 676 2031; x_wconf 91' lang='lat' dir='ltr'><strong>non</strong></span> <span class='ocrx_word' id='word_1_122' title='bbox 699 1967 838 2032; x_wconf 80' lang='lat' dir='ltr'><strong>evenire.</strong></span> 
     </span>
     <span class='ocr_line' id='line_1_16' title="bbox 575 2073 670 2148; baseline 0.011 -15"><span class='ocrx_word' id='word_1_123' title='bbox 575 2077 608 2148; x_wconf 87' lang='lat'><strong>§.</strong></span> <span class='ocrx_word' id='word_1_124' title='bbox 637 2073 670 2134; x_wconf 77' lang='lat'><strong>2.</strong></span> 
     </span>
    </p>

    <p class='ocr_par' dir='ltr' id='par_1_3' title="bbox 38 2173 1183 3506">
     <span class='ocr_line' id='line_1_17' title="bbox 184 2173 1124 2260; baseline 0.002 -22"><span class='ocrx_word' id='word_1_125' title='bbox 184 2177 252 2239; x_wconf 88' lang='lat' dir='ltr'><strong>Ista</strong></span> <span class='ocrx_word' id='word_1_126' title='bbox 271 2194 350 2258; x_wconf 88' lang='lat' dir='ltr'><strong>quae</strong></span> <span class='ocrx_word' id='word_1_127' title='bbox 369 2174 422 2237; x_wconf 91' lang='lat' dir='ltr'><strong>hic</strong></span> <span class='ocrx_word' id='word_1_128' title='bbox 443 2177 483 2237; x_wconf 86' lang='lat' dir='ltr'><strong>ab</strong></span> <span class='ocrx_word' id='word_1_129' title='bbox 505 2173 682 2239; x_wconf 88' lang='lat' dir='ltr'><strong>Aristotele</strong></span> <span class='ocrx_word' id='word_1_130' title='bbox 703 2189 850 2241; x_wconf 89' lang='lat' dir='ltr'><strong>movetur</strong></span> <span class='ocrx_word' id='word_1_131' title='bbox 873 2175 1014 2260; x_wconf 88' lang='lat' dir='ltr'><strong>quaestio</strong></span> <span class='ocrx_word' id='word_1_132' title='bbox 1036 2175 1124 2240; x_wconf 87' lang='lat' dir='ltr'><strong>vide·</strong></span> 
     </span>
     <span class='ocr_line' id='line_1_18' title="bbox 117 2277 1124 2363; baseline 0 -21"><span class='ocrx_word' id='word_1_133' title='bbox 117 2293 172 2342; x_wconf 88' lang='lat' dir='ltr'><strong>tur</strong></span> <span class='ocrx_word' id='word_1_134' title='bbox 201 2277 326 2361; x_wconf 89' lang='lat' dir='ltr'><strong>quidem</strong></span> <span class='ocrx_word' id='word_1_135' title='bbox 347 2280 387 2340; x_wconf 91' lang='lat' dir='ltr'><strong>ad</strong></span> <span class='ocrx_word' id='word_1_136' title='bbox 413 2280 496 2342; x_wconf 87' lang='lat' dir='ltr'><strong>hane</strong></span> <span class='ocrx_word' id='word_1_137' title='bbox 520 2279 697 2362; x_wconf 89' lang='lat' dir='ltr'><strong>disputandi</strong></span> <span class='ocrx_word' id='word_1_138' title='bbox 722 2291 821 2343; x_wconf 87' lang='lat' dir='ltr'><strong>artem</strong></span> <span class='ocrx_word' id='word_1_139' title='bbox 845 2280 1023 2363; x_wconf 87' lang='lat' dir='ltr'><strong>pertinere:</strong></span> <span class='ocrx_word' id='word_1_140' title='bbox 1053 2301 1124 2342; x_wconf 87' lang='lat' dir='ltr'><strong>cae-</strong></span> 
     </span>
     <span class='ocr_line' id='line_1_19' title="bbox 116 2371 1137 2466; baseline 0.002 -20"><span class='ocrx_word' id='word_1_141' title='bbox 116 2395 223 2455; x_wconf 79' lang='lat' dir='ltr'><strong>terum</strong></span> <span class='ocrx_word' id='word_1_142' title='bbox 242 2385 282 2448; x_wconf 89' lang='lat' dir='ltr'><strong>ad</strong></span> <span class='ocrx_word' id='word_1_143' title='bbox 302 2403 410 2446; x_wconf 89' lang='lat' dir='ltr'><strong>omnes</strong></span> <span class='ocrx_word' id='word_1_144' title='bbox 428 2383 777 2466; x_wconf 59' lang='lat' dir='ltr'><strong>philosophiaerpartes</strong></span> <span class='ocrx_word' id='word_1_145' title='bbox 796 2406 886 2448; x_wconf 89' lang='lat' dir='ltr'><strong>usum</strong></span> <span class='ocrx_word' id='word_1_146' title='bbox 900 2385 995 2448; x_wconf 87' lang='lat' dir='ltr'><strong>hahet</strong></span> <span class='ocrx_word' id='word_1_147' title='bbox 1015 2371 1137 2448; x_wconf 70' lang='lat' dir='ltr'><strong>neces·¹</strong></span> 
     </span>
     <span class='ocr_line' id='line_1_20' title="bbox 118 2478 1125 2571; baseline 0.002 -21"><span class='ocrx_word' id='word_1_148' title='bbox 118 2487 249 2550; x_wconf 88' lang='lat' dir='ltr'><strong>sarium.</strong></span> <span class='ocrx_word' id='word_1_149' title='bbox 293 2478 376 2549; x_wconf 74' lang='lat' dir='ltr'><strong>Nam</strong></span> <span class='ocrx_word' id='word_1_150' title='bbox 401 2488 441 2548; x_wconf 88' lang='lat' dir='ltr'><strong>ad</strong></span> <span class='ocrx_word' id='word_1_151' title='bbox 470 2483 623 2564; x_wconf 79' lang='lat' dir='ltr'><strong>moralem</strong></span> <span class='ocrx_word' id='word_1_152' title='bbox 651 2501 773 2571; x_wconf 89' lang='lat' dir='ltr'><strong>partem</strong></span> <span class='ocrx_word' id='word_1_153' title='bbox 798 2487 968 2571; x_wconf 85' lang='lat' dir='ltr'><strong>sapientiae</strong></span> <span class='ocrx_word' id='word_1_154' title='bbox 997 2489 1125 2552; x_wconf 89' lang='lat' dir='ltr'><strong>omnino</strong></span> 
     </span>
     <span class='ocr_line' id='line_1_21' title="bbox 117 2590 1125 2668; baseline 0 -13"><span class='ocrx_word' id='word_1_155' title='bbox 117 2592 153 2658; x_wconf 93' lang='lat' dir='ltr'><strong>id</strong></span> <span class='ocrx_word' id='word_1_156' title='bbox 169 2590 286 2654; x_wconf 86' lang='lat' dir='ltr'><strong>assumi</strong></span> <span class='ocrx_word' id='word_1_157' title='bbox 310 2611 441 2654; x_wconf 88' lang='lat' dir='ltr'><strong>necesse</strong></span> <span class='ocrx_word' id='word_1_158' title='bbox 463 2601 534 2668; x_wconf 90' lang='lat' dir='ltr'><strong>cst,</strong></span> <span class='ocrx_word' id='word_1_159' title='bbox 568 2612 633 2655; x_wconf 91' lang='lat' dir='ltr'><strong>non</strong></span> <span class='ocrx_word' id='word_1_160' title='bbox 656 2592 763 2667; x_wconf 77' lang='lat' dir='ltr'><strong>omnia</strong></span> <span class='ocrx_word' id='word_1_161' title='bbox 784 2613 825 2655; x_wconf 80' lang='lat' dir='ltr'><strong>ex</strong></span> <span class='ocrx_word' id='word_1_162' title='bbox 849 2590 1035 2654; x_wconf 88' lang='lat' dir='ltr'><strong>necessitate</strong></span> <span class='ocrx_word' id='word_1_163' title='bbox 1056 2613 1125 2655; x_wconf 92' lang='lat' dir='ltr'><strong>esse</strong></span> 
     </span>
     <span class='ocr_line' id='line_1_22' title="bbox 119 2693 1127 2779; baseline 0 -21"><span class='ocrx_word' id='word_1_164' title='bbox 119 2718 157 2758; x_wconf 87' lang='lat' dir='ltr'><strong>ac</strong></span> <span class='ocrx_word' id='word_1_165' title='bbox 178 2693 267 2771; x_wconf 85' lang='lat' dir='ltr'><strong>fieri,</strong></span> <span class='ocrx_word' id='word_1_166' title='bbox 292 2696 348 2757; x_wconf 87' lang='lat' dir='ltr'><strong>sed</strong></span> <span class='ocrx_word' id='word_1_167' title='bbox 367 2714 435 2757; x_wconf 92' lang='lat' dir='ltr'><strong>esse</strong></span> <span class='ocrx_word' id='word_1_168' title='bbox 451 2706 481 2757; x_wconf 91' lang='lat' dir='ltr'><strong>et</strong></span> <span class='ocrx_word' id='word_1_169' title='bbox 499 2696 652 2777; x_wconf 86' lang='lat' dir='ltr'><strong>quaedam</strong></span> <span class='ocrx_word' id='word_1_170' title='bbox 674 2695 705 2758; x_wconf 90' lang='lat' dir='ltr'><strong>in</strong></span> <span class='ocrx_word' id='word_1_171' title='bbox 726 2707 837 2759; x_wconf 89' lang='lat' dir='ltr'><strong>nostra</strong></span> <span class='ocrx_word' id='word_1_172' title='bbox 850 2706 1020 2779; x_wconf 89' lang='lat' dir='ltr'><strong>potestate.</strong></span> <span class='ocrx_word' id='word_1_173' title='bbox 1044 2695 1127 2777; x_wconf 85' lang='lat' dir='ltr'><strong>Quia</strong></span> 
     </span>
     <span class='ocr_line' id='line_1_23' title="bbox 119 2798 1126 2884; baseline -0.002 -22"><span class='ocrx_word' id='word_1_174' title='bbox 119 2799 203 2862; x_wconf 90' lang='lat' dir='ltr'><strong>enim</strong></span> <span class='ocrx_word' id='word_1_175' title='bbox 223 2802 416 2882; x_wconf 83' lang='lat' dir='ltr'><strong>quarundam</strong></span> <span class='ocrx_word' id='word_1_176' title='bbox 444 2798 602 2884; x_wconf 84' lang='lat' dir='ltr'><strong>actionum</strong></span> <span class='ocrx_word' id='word_1_177' title='bbox 624 2820 729 2862; x_wconf 89' lang='lat' dir='ltr'><strong>sumus</strong></span> <span class='ocrx_word' id='word_1_178' title='bbox 753 2799 894 2876; x_wconf 83' lang='lat' dir='ltr'><strong>domini,</strong></span> <span class='ocrx_word' id='word_1_179' title='bbox 927 2798 1011 2862; x_wconf 90' lang='lat' dir='ltr'><strong>etin</strong></span> <span class='ocrx_word' id='word_1_180' title='bbox 1033 2799 1126 2862; x_wconf 91' lang='lat' dir='ltr'><strong>nobis</strong></span> 
     </span>
     <span class='ocr_line' id='line_1_24' title="bbox 120 2885 1127 2987; baseline -0.005 -19"><span class='ocrx_word' id='word_1_181' title='bbox 120 2915 178 2969; x_wconf 73' lang='lat' dir='ltr'><strong>est-</strong></span> <span class='ocrx_word' id='word_1_182' title='bbox 200 2903 279 2964; x_wconf 91' lang='lat' dir='ltr'><strong>haec</strong></span> <span class='ocrx_word' id='word_1_183' title='bbox 312 2901 387 2965; x_wconf 87' lang='lat' dir='ltr'><strong>talia</strong></span> <span class='ocrx_word' id='word_1_184' title='bbox 413 2903 553 2987; x_wconf 87' lang='lat' dir='ltr'><strong>deligere</strong></span> <span class='ocrx_word' id='word_1_185' title='bbox 582 2885 636 2964; x_wconf 84' lang='lat' dir='ltr'><strong>aut</strong></span> <span class='ocrx_word' id='word_1_186' title='bbox 663 2924 729 2966; x_wconf 89' lang='lat' dir='ltr'><strong>non</strong></span> <span class='ocrx_word' id='word_1_187' title='bbox 755 2902 912 2986; x_wconf 83' lang='lat' dir='ltr'><strong>deligere,</strong></span> <span class='ocrx_word' id='word_1_188' title='bbox 945 2902 1052 2965; x_wconf 85' lang='lat' dir='ltr'><strong>facere</strong></span> <span class='ocrx_word' id='word_1_189' title='bbox 1075 2913 1127 2966; x_wconf 89' lang='lat' dir='ltr'><strong>aut</strong></span> 
     </span>
     <span class='ocr_line' id='line_1_25' title="bbox 51 2987 1183 3098; baseline 0 -30"><span class='ocrx_word' id='word_1_190' title='bbox 51 2987 77 3088; x_wconf 50' lang='lat'><strong>.·</strong></span> <span class='ocrx_word' id='word_1_191' title='bbox 119 3027 186 3070; x_wconf 91' lang='lat' dir='ltr'><strong>nou</strong></span> <span class='ocrx_word' id='word_1_192' title='bbox 213 3006 338 3082; x_wconf 82' lang='lat' dir='ltr'><strong>lacere,</strong></span> <span class='ocrx_word' id='word_1_193' title='bbox 378 3006 449 3069; x_wconf 88' lang='lat' dir='ltr'><strong>ideo</strong></span> <span class='ocrx_word' id='word_1_194' title='bbox 484 3008 637 3090; x_wconf 87' lang='lat' dir='ltr'><strong>quosdam</strong></span> <span class='ocrx_word' id='word_1_195' title='bbox 670 3003 800 3068; x_wconf 83' lang='lat' dir='ltr'><strong>dilectus</strong></span> <span class='ocrx_word' id='word_1_196' title='bbox 837 3025 904 3067; x_wconf 87' lang='lat' dir='ltr'><strong>esse</strong></span> <span class='ocrx_word' id='word_1_197' title='bbox 931 3005 1125 3080; x_wconf 85' lang='lat' dir='ltr'><strong>laudabiles,</strong></span> <span class='ocrx_word' id='word_1_198' title='bbox 1179 3089 1183 3098; x_wconf 88' lang='lat'><strong>.</strong></span> 
     </span>
     <span class='ocr_line' id='line_1_26' title="bbox 120 3107 1126 3196; baseline 0 -24"><span class='ocrx_word' id='word_1_199' title='bbox 120 3109 200 3172; x_wconf 88' lang='lat' dir='ltr'><strong>alios</strong></span> <span class='ocrx_word' id='word_1_200' title='bbox 229 3109 406 3192; x_wconf 86' lang='lat' dir='ltr'><strong>vituperari</strong></span> <span class='ocrx_word' id='word_1_201' title='bbox 437 3111 550 3196; x_wconf 85' lang='lat' dir='ltr'><strong>dignos</strong></span> <span class='ocrx_word' id='word_1_202' title='bbox 582 3109 735 3185; x_wconf 86' lang='lat' dir='ltr'><strong>dicimus,</strong></span> <span class='ocrx_word' id='word_1_203' title='bbox 774 3107 941 3190; x_wconf 91' lang='lat' dir='ltr'><strong>itidemque</strong></span> <span class='ocrx_word' id='word_1_204' title='bbox 973 3108 1126 3172; x_wconf 87' lang='lat' dir='ltr'><strong>actiones.</strong></span> 
     </span>
     <span class='ocr_line' id='line_1_27' title="bbox 120 3211 1128 3297; baseline -0.002 -21"><span class='ocrx_word' id='word_1_205' title='bbox 120 3213 166 3276; x_wconf 91' lang='lat' dir='ltr'><strong>Et</strong></span> <span class='ocrx_word' id='word_1_206' title='bbox 192 3214 232 3276; x_wconf 87' lang='lat' dir='ltr'><strong>ad</strong></span> <span class='ocrx_word' id='word_1_207' title='bbox 258 3214 406 3277; x_wconf 91' lang='lat' dir='ltr'><strong>honestas</strong></span> <span class='ocrx_word' id='word_1_208' title='bbox 430 3215 555 3297; x_wconf 88' lang='lat' dir='ltr'><strong>quidem</strong></span> <span class='ocrx_word' id='word_1_209' title='bbox 581 3226 612 3277; x_wconf 87' lang='lat' dir='ltr'><strong>et</strong></span> <span class='ocrx_word' id='word_1_210' title='bbox 636 3214 754 3297; x_wconf 92' lang='lat' dir='ltr'><strong>probas</strong></span> <span class='ocrx_word' id='word_1_211' title='bbox 785 3211 863 3275; x_wconf 91' lang='lat' dir='ltr'><strong>alios</strong></span> <span class='ocrx_word' id='word_1_212' title='bbox 896 3212 1042 3274; x_wconf 86' lang='lat' dir='ltr'><strong>volumus</strong></span> <span class='ocrx_word' id='word_1_213' title='bbox 1073 3215 1128 3274; x_wconf 91' lang='lat' dir='ltr'><strong>ad·</strong></span> 
     </span>
     <span class='ocr_line' id='line_1_28' title="bbox 119 3314 1128 3394; baseline -0.004 -12"><span class='ocrx_word' id='word_1_214' title='bbox 119 3315 262 3394; x_wconf 87' lang='lat' dir='ltr'><strong>hortari,</strong></span> <span class='ocrx_word' id='word_1_215' title='bbox 288 3318 451 3381; x_wconf 88' lang='lat' dir='ltr'><strong>dehortari</strong></span> <span class='ocrx_word' id='word_1_216' title='bbox 473 3340 552 3384; x_wconf 84' lang='lat' dir='ltr'><strong>vero</strong></span> <span class='ocrx_word' id='word_1_217' title='bbox 571 3341 590 3382; x_wconf 92' lang='lat' dir='ltr'><strong>a</strong></span> <span class='ocrx_word' id='word_1_218' title='bbox 608 3317 790 3382; x_wconf 87' lang='lat' dir='ltr'><strong>contrariis.</strong></span> <span class='ocrx_word' id='word_1_219' title='bbox 835 3317 959 3378; x_wconf 90' lang='lat' dir='ltr'><strong>Verum</strong></span> <span class='ocrx_word' id='word_1_220' title='bbox 976 3314 1068 3384; x_wconf 88' lang='lat' dir='ltr'><strong>etiam</strong></span> <span class='ocrx_word' id='word_1_221' title='bbox 1089 3317 1128 3378; x_wconf 90' lang='lat' dir='ltr'><strong>ad</strong></span> 
     </span>
     <span class='ocr_line' id='line_1_29' title="bbox 38 3417 1128 3506; baseline -0.002 -25"><span class='ocrx_word' id='word_1_222' title='bbox 38 3417 44 3429; x_wconf 83' lang='lat'><em>&#39;</em></span> <span class='ocrx_word' id='word_1_223' title='bbox 120 3430 252 3482; x_wconf 84' lang='lat' dir='ltr'><strong>naturae</strong></span> <span class='ocrx_word' id='word_1_224' title='bbox 267 3421 482 3506; x_wconf 88' lang='lat' dir='ltr'><strong>cognitionem</strong></span> <span class='ocrx_word' id='word_1_225' title='bbox 501 3422 585 3485; x_wconf 91' lang='lat' dir='ltr'><strong>utilis</strong></span> <span class='ocrx_word' id='word_1_226' title='bbox 601 3423 726 3486; x_wconf 81' lang='lat' dir='ltr'><strong>videtur</strong></span> <span class='ocrx_word' id='word_1_227' title='bbox 746 3422 825 3483; x_wconf 93' lang='lat' dir='ltr'><strong>haec</strong></span> <span class='ocrx_word' id='word_1_228' title='bbox 843 3417 1000 3501; x_wconf 87' lang='lat' dir='ltr'><strong>quaestio.</strong></span> <span class='ocrx_word' id='word_1_229' title='bbox 1044 3419 1128 3480; x_wconf 86' lang='lat' dir='ltr'><strong>Nam</strong></span> 
     </span>
    </p>
   </div>
   <div class='ocr_carea' id='block_1_3' title="bbox 16 3522 1128 3610">
    <p class='ocr_par' dir='ltr' id='par_1_4' title="bbox 16 3522 1128 3610">
     <span class='ocr_line' id='line_1_30' title="bbox 16 3522 1128 3610; baseline -0.002 -24"><span class='ocrx_word' id='word_1_230' title='bbox 16 3561 17 3564; x_wconf 61' lang='lat'><em>=</em></span> <span class='ocrx_word' id='word_1_231' title='bbox 120 3534 153 3586; x_wconf 91' lang='lat' dir='ltr'><strong>et</strong></span> <span class='ocrx_word' id='word_1_232' title='bbox 177 3535 308 3590; x_wconf 89' lang='lat' dir='ltr'><strong>naturae</strong></span> <span class='ocrx_word' id='word_1_233' title='bbox 330 3538 491 3590; x_wconf 86' lang='lat' dir='ltr'><strong>scrutator</strong></span> <span class='ocrx_word' id='word_1_234' title='bbox 519 3527 601 3589; x_wconf 90' lang='lat' dir='ltr'><strong>solet</strong></span> <span class='ocrx_word' id='word_1_235' title='bbox 630 3546 782 3610; x_wconf 89' lang='lat' dir='ltr'><strong>quaerere</strong></span> <span class='ocrx_word' id='word_1_236' title='bbox 812 3545 851 3587; x_wconf 89' lang='lat' dir='ltr'><strong>an</strong></span> <span class='ocrx_word' id='word_1_237' title='bbox 880 3522 984 3587; x_wconf 91' lang='lat' dir='ltr'><strong>omnia</strong></span> <span class='ocrx_word' id='word_1_238' title='bbox 1007 3543 1047 3584; x_wconf 87' lang='lat' dir='ltr'><strong>ex</strong></span> <span class='ocrx_word' id='word_1_239' title='bbox 1072 3543 1128 3585; x_wconf 83' lang='lat' dir='ltr'><strong>ne·</strong></span> 
     </span>
    </p>
   </div>
   <div class='ocr_carea' id='block_1_4' title="bbox 114 3625 1208 4124">
    <p class='ocr_par' dir='ltr' id='par_1_5' title="bbox 114 3625 1208 4124">
     <span class='ocr_line' id='line_1_31' title="bbox 120 3625 1129 3708; baseline -0.001 -20"><span class='ocrx_word' id='word_1_240' title='bbox 120 3625 266 3708; x_wconf 84' lang='lat' dir='ltr'><strong>cessitate</strong></span> <span class='ocrx_word' id='word_1_241' title='bbox 289 3628 387 3707; x_wconf 84' lang='lat' dir='ltr'><strong>fiant„</strong></span> <span class='ocrx_word' id='word_1_242' title='bbox 426 3652 466 3692; x_wconf 88' lang='lat' dir='ltr'><strong>an</strong></span> <span class='ocrx_word' id='word_1_243' title='bbox 489 3651 568 3693; x_wconf 89' lang='lat' dir='ltr'><strong>vero</strong></span> <span class='ocrx_word' id='word_1_244' title='bbox 594 3629 745 3692; x_wconf 90' lang='lat' dir='ltr'><strong>nonnulla</strong></span> <span class='ocrx_word' id='word_1_245' title='bbox 762 3629 847 3692; x_wconf 84' lang='lat' dir='ltr'><strong>sorte</strong></span> <span class='ocrx_word' id='word_1_246' title='bbox 873 3638 904 3690; x_wconf 90' lang='lat' dir='ltr'><strong>et</strong></span> <span class='ocrx_word' id='word_1_247' title='bbox 933 3647 1019 3688; x_wconf 87' lang='lat' dir='ltr'><strong>casu.</strong></span> <span class='ocrx_word' id='word_1_248' title='bbox 1065 3626 1129 3688; x_wconf 89' lang='lat' dir='ltr'><strong>Sed</strong></span> 
     </span>
     <span class='ocr_line' id='line_1_32' title="bbox 118 3720 1128 3817; baseline 0 -26"><span class='ocrx_word' id='word_1_249' title='bbox 118 3750 221 3812; x_wconf 88' lang='lat' dir='ltr'><strong>neque</strong></span> <span class='ocrx_word' id='word_1_250' title='bbox 251 3720 353 3798; x_wconf 85' lang='lat' dir='ltr'><strong>minus‘</strong></span> <span class='ocrx_word' id='word_1_251' title='bbox 384 3735 424 3796; x_wconf 89' lang='lat' dir='ltr'><strong>ad</strong></span> <span class='ocrx_word' id='word_1_252' title='bbox 450 3732 627 3817; x_wconf 88' lang='lat' dir='ltr'><strong>disputandi</strong></span> <span class='ocrx_word' id='word_1_253' title='bbox 653 3744 753 3796; x_wconf 87' lang='lat' dir='ltr'><strong>artem</strong></span> <span class='ocrx_word' id='word_1_254' title='bbox 773 3733 837 3794; x_wconf 90' lang='lat' dir='ltr'><strong>hoc</strong></span> <span class='ocrx_word' id='word_1_255' title='bbox 858 3729 1006 3813; x_wconf 87' lang='lat' dir='ltr'><strong>pertinet.</strong></span> <span class='ocrx_word' id='word_1_256' title='bbox 1052 3730 1128 3792; x_wconf 92' lang='lat' dir='ltr'><strong>Hoc</strong></span> 
     </span>
     <span class='ocr_line' id='line_1_33' title="bbox 120 3832 1128 3919; baseline -0.004 -21"><span class='ocrx_word' id='word_1_257' title='bbox 120 3853 203 3918; x_wconf 84' lang='lat' dir='ltr'><strong>ergo</strong></span> <span class='ocrx_word' id='word_1_258' title='bbox 226 3832 287 3896; x_wconf 91' lang='lat' dir='ltr'><strong>iam</strong></span> <span class='ocrx_word' id='word_1_259' title='bbox 309 3835 489 3917; x_wconf 90' lang='lat' dir='ltr'><strong>quaeritur,</strong></span> <span class='ocrx_word' id='word_1_260' title='bbox 524 3860 563 3900; x_wconf 93' lang='lat' dir='ltr'><strong>an</strong></span> <span class='ocrx_word' id='word_1_261' title='bbox 587 3835 686 3901; x_wconf 91' lang='lat' dir='ltr'><strong>omnis</strong></span> <span class='ocrx_word' id='word_1_262' title='bbox 713 3833 921 3919; x_wconf 84' lang='lat' dir='ltr'><strong>repugnantia</strong></span> <span class='ocrx_word' id='word_1_263' title='bbox 941 3832 1128 3904; x_wconf 89' lang='lat' dir='ltr'><strong>enuntiatio-</strong></span> 
     </span>
     <span class='ocr_line' id='line_1_34' title="bbox 119 3936 1127 4026; baseline -0.001 -28"><span class='ocrx_word' id='word_1_264' title='bbox 119 3957 194 3998; x_wconf 87' lang='lat' dir='ltr'><strong>num</strong></span> <span class='ocrx_word' id='word_1_265' title='bbox 223 3938 349 4000; x_wconf 88' lang='lat' dir='ltr'><strong>definite</strong></span> <span class='ocrx_word' id='word_1_266' title='bbox 376 3962 409 4002; x_wconf 88' lang='lat' dir='ltr'><strong>se</strong></span> <span class='ocrx_word' id='word_1_267' title='bbox 440 3943 598 4026; x_wconf 86' lang='lat' dir='ltr'><strong>dispescat</strong></span> <span class='ocrx_word' id='word_1_268' title='bbox 634 3939 666 4002; x_wconf 90' lang='lat' dir='ltr'><strong>in</strong></span> <span class='ocrx_word' id='word_1_269' title='bbox 696 3939 807 4002; x_wconf 78' lang='lat' dir='ltr'><strong>reruni</strong></span> <span class='ocrx_word' id='word_1_270' title='bbox 839 3949 869 3999; x_wconf 91' lang='lat' dir='ltr'><strong>et</strong></span> <span class='ocrx_word' id='word_1_271' title='bbox 908 3936 1040 4012; x_wconf 85' lang='lat' dir='ltr'><strong>salsum,</strong></span> <span class='ocrx_word' id='word_1_272' title='bbox 1088 3959 1127 3998; x_wconf 86' lang='lat' dir='ltr'><strong>an</strong></span> 
     </span>
     <span class='ocr_line' id='line_1_35' title="bbox 114 4039 1208 4124; baseline -0.001 -21"><span class='ocrx_word' id='word_1_273' title='bbox 114 4043 267 4122; x_wconf 82' lang='lat' dir='ltr'><strong>quaedam</strong></span> <span class='ocrx_word' id='word_1_274' title='bbox 307 4041 479 4108; x_wconf 85' lang='lat' dir='ltr'><strong>indefinite.</strong></span> <span class='ocrx_word' id='word_1_275' title='bbox 542 4045 605 4110; x_wconf 87' lang='lat' dir='ltr'><strong>Sed</strong></span> <span class='ocrx_word' id='word_1_276' title='bbox 638 4055 669 4105; x_wconf 91' lang='lat' dir='ltr'><strong>et</strong></span> <span class='ocrx_word' id='word_1_277' title='bbox 707 4041 739 4106; x_wconf 92' lang='lat' dir='ltr'><strong>in</strong></span> <span class='ocrx_word' id='word_1_278' title='bbox 779 4040 912 4122; x_wconf 85' lang='lat' dir='ltr'><strong>primam</strong></span> <span class='ocrx_word' id='word_1_279' title='bbox 944 4039 1126 4124; x_wconf 82' lang='lat' dir='ltr'><strong>sapientiam</strong></span> <span class='ocrx_word' id='word_1_280' title='bbox 1206 4048 1208 4060; x_wconf 91' lang='lat'>&#39;</span> 
     </span>
    </p>
   </div>
   <div class='ocr_carea' id='block_1_5' title="bbox 0 0 1396 4790">
    <p class='ocr_par' dir='ltr' id='par_1_6' title="bbox 0 0 1396 4790">
     <span class='ocr_line' id='line_1_36' title="bbox 0 0 1396 4790; baseline 0 0"><span class='ocrx_word' id='word_1_281' title='bbox 0 0 1396 4790; x_wconf 95' lang='lat' dir='ltr'><strong> </strong></span> 
     </span>
    </p>
   </div>
  </div>
 </body>
</html>
