2828 4792
1099 405 1148 448 vu

138 550 453 654 discrepantibus
467 549 657 626 Eusebius
681 549 844 627 inseruit
869 551 1153 653 Praeparationi

136 696 232 750 suae
250 669 525 772 Evangelicae,
551 693 623 746 nec
649 695 730 746 non
755 670 933 750 versione
953 673 1070 750 latina
1089 701 1152 750 an-

137 791 356 894 tiquissima
400 788 631 889 Hieronymi
672 789 852 887 Bagolini
897 794 1152 889 Veronensis,

139 936 243 1014 quae
267 910 361 988 licet
383 908 498 988 nimis
524 908 635 984 anxie
655 908 819 988 verbum
851 914 899 986 de
923 917 1045 990 verbo
1071 917 1154 991 red-

139 1033 230 1126 dat,
274 1043 313 1108 et
337 1030 380 1108 in
403 1029 500 1105 locis
525 1026 630 1104 haud
659 1029 791 1130 paucis
816 1029 1049 1132 ineptissima
1083 1037 1151 1131 sit,

138 1163 389 1230 tamencum
423 1174 446 1228 e
468 1147 615 1224 Codice
651 1145 820 1247 quodam
847 1151 1014 1250 optimae
1039 1168 1155 1233 notae

141 1284 182 1348 et
216 1295 308 1346 cum
342 1267 608 1370 Manuscripto
636 1268 850 1344 Havniensi
882 1269 925 1345 in
962 1275 1155 1375 plerisque

140 1390 407 1468 consentiente
431 1389 531 1464 sacta
557 1401 674 1483 esset,
700 1413 782 1464 non
812 1415 948 1488 parum
976 1391 1077 1468 iuvit
1105 1399 1155 1470 ad

12 1581 13 1618 ἶ
142 1521 293 1586 textum
306 1509 612 1610 emendandum,
638 1532 824 1607 verasque
838 1517 876 1584 ct
886 1511 1071 1606 genuinas
1098 1517 1156 1610 (2)

142 1629 330 1706 lectiones
364 1627 583 1706 eliciendas.
632 1625 808 1702 Adhibui
834 1630 988 1704 tandem
1009 1647 1159 1732 praeter

141 1748 340 1826 versiones
379 1748 515 1824 latinas
549 1742 729 1844 Hugonis
760 1747 885 1822 Grotii
928 1762 967 1824 et
1000 1751 1157 1828 editoris

142 1867 405 1944 Londinensis
440 1855 557 1946 etiam
601 1866 869 1944 Germanicam
904 1876 978 1948 τοῦ
1014 1879 1095 1952 νῦν.
1117 1881 1159 1953 ἐν

114 2045 117 2052 -
144 1992 266 2088 ἁγίοις
294 1987 453 2086 Georgii
476 1986 727 2064 Schulthessii
752 1988 956 2081 nostratis,
998 1995 1158 2093 pastoris

144 2110 345 2208 quondam
364 2105 749 2183 Moenchaltorsensis
773 2106 813 2180 in
827 2134 924 2206 pago
941 2109 1155 2210 Turicensi‚

12 2241 14 2320 j
144 2229 292 2304 bonam
335 2224 531 2326 fidamque
564 2222 645 2320 (3),
689 2235 728 2301 et
754 2227 948 2326 exemplar
982 2229 1160 2308 editionis
1195 2310 1198 2320 ,

145 2345 408 2424 Londinensis
433 2371 513 2444 quo
538 2371 629 2418 usus
659 2355 740 2419 erat
769 2345 831 2419 vir
857 2346 1096 2426 doctissimus
1117 2352 1159 2428 in

146 2465 336 2543 vertendo
346 2463 577 2558 Alexandro,
603 2462 873 2539 cumeiusdem
888 2470 1164 2547 emendationi·

148 2585 225 2662 hus
252 2583 385 2686 paucis
415 2582 593 2682 quidem,
633 2582 701 2662 sed
725 2583 884 2682 egregiis
909 2587 1073 2684 margini
1103 2592 1165 2664 ad·
1203 2579 1206 2586 ’
1281 2573 1284 2579 ’

151 2705 315 2805 scriptis,
343 2703 632 2778 commodatum
657 2701 754 2776 mihi
787 2728 810 2778 a
843 2708 1062 2781 venerando
1082 2707 1165 2786 filio

168 2995 172 3000 '
225 2979 275 3060 (2)
317 2976 420 3042 Liber
450 2974 628 3040 rarissimus
660 2974 706 3038 sic
737 2974 938 3044 inscribitur:
984 2981 1161 3048 Alexandri

154 3079 420 3170 Aphrodisiensis
442 3076 650 3162 Peripatetici
672 3077 845 3142 doctissimi
866 3081 1074 3162 Quaestiones
1089 3089 1163 3151 'Na-

156 3185 276 3250 turales
305 3195 336 3248 ct
358 3183 503 3248 Morales
527 3182 618 3244 etde
641 3180 743 3259 Fato,
781 3181 981 3265 Hieronymo
1003 3189 1163 3274 Bagolino

156 3285 343 3352 Veronensi
375 3296 406 3350 et
428 3284 570 3366 Baptista
609 3282 677 3347 filio
706 3277 952 3368 interpretibus,
988 3291 1030 3354 'de
1062 3292 1164 3358 anima

157 3391 242 3454 liber
257 3391 288 3454 Ι.
303 3387 647 3469 HieronymoDonato
662 3386 803 3452 Patricio
826 3389 954 3455 Veneto
976 3391 1162 3478 interprete,

158 3497 199 3557 de
223 3493 324 3556 anima
344 3489 425 3554 liber
447 3490 495 3554 ΙΙ.
519 3501 551 3552 et
572 3489 610 3552 dc
632 3489 783 3554 mixtione
798 3487 927 3576 Angelo
943 3491 1078 3560 Caninio
1094 3499 1165 3566 An·

160 3595 313 3690 glapicnsi
340 3595 513 3676 interprete
546 3591 651 3656 omnia
671 3613 788 3657 excusa
810 3595 953 3660 Venetiis
983 3603 1065 3682 apud
1087 3602 1166 3666 Hie·

161 3719 332 3782 ronymum
356 3697 486 3781 Scotum
510 3696 604 3762 1559.
626 3695 772 3760 infolio.

229 3841 278 3919 (3)
310 3839 466 3902 Insertam
485 3839 508 3900 1.
525 3850 549 3900 t.
560 3835 748 3932 *Bibttotteu
769 3838 826 3902 der
843 3841 1074 3922 griechischen
1097 3846 1170 3908 ΡΙιί-

162 3934 339 4024 losophe'n.
362 3942 404 4005 T.
422 3941 486 4006 IV.
510 3965 543 4025 p.
563 3941 623 4006 150
639 3949 669 4002 et
684 3960 774 4023 seqq.
799 3937 909 4004 anici
926 3941 1020 4006 1782.
1045 3955 1111 4009 oct.
1203 3970 1210 3995 s
