2782 4790
307 402 367 463 λίνα

304 560 386 632 καθ’
413 565 622 652 έιμαρμένην,
658 557 701 639 ὡς
728 561 900 628 δέδεικται.
946 553 993 624 Τὸ
1020 561 1204 626 τελευταῖον
1228 553 1306 652 ἄρα,

304 662 326 734 ὃ
346 664 471 736 όίτοπον
492 670 548 732 καὶ
569 659 733 732 ἀδύνατον
740 713 749 743 ,
772 658 961 754 ἀναιρετέον
982 659 1047 742 ²⁷),
1077 657 1114 727 τὸ
1136 656 1243 728 πάντα
1262 663 1307 748 γί·

303 774 429 838 νεσθαι
450 763 531 837 καθ’
556 768 767 859 έιμαρμένην,
790 755 816 858 ᾦ
838 760 936 832 τοῦθ’
960 764 1066 831 έίπετο
1088 763 1146 846 ²⁸).

770 873 843 936 AZ.

357 971 499 1060 ’Ἱδαμιν
520 977 556 1042 δὲ
577 979 633 1041 καὶ
654 975 706 1041 ἐπὶ
727 967 833 1063 τούτῳ
856 965 956 1058 λόγον
975 967 1197 1060 ἠρωτημένον,
1220 973 1247 1039 ἐι
1267 971 1307 1060 μὴ

301 1075 362 1157 τὰς
379 1073 498 1166 ὁμοίας
524 1072 671 1164 ιίνόγκας·
695 1076 774 1165 ἔχει·
811 1079 895 1162 λέγει
917 1078 952 1142 δὲ
972 1069 1085 1152 όότως.
1133 1070 1181 1140 Οὐ
1206 1068 1308 1142 πάντα

299 1189 361 1270 μέν
381 1181 451 1248 ἔστι
475 1176 557 1247 καθ’
586 1182 798 1269 έιμαρμένην,
835 1173 894 1245 οὐκ
919 1176 1046 1245 ἔστιδὲ
1071 1171 1238 1256 ἀκώλυτος
1258 1183 1310 1244 καὶ

300 1278 590 1374 ἀπαρεμπόδιστος
621 1279 642 1364 ἡ
674 1283 734 1349 τοῦ
766 1277 893 1369 κόσμου
922 1282 1102 1362 διοίκησις,
1139 1276 1215 1348 οὐδὲ
1244 1280 1308 1348 ἔστι

299 1395 360 1475 μὲν
376 1388 494 1466 τοῦτο,
523 1381 582 1452 οὐκ
603 1385 673 1452 ἔστι
693 1388 730 1451 δέ
750 1379 891 1472 κόσμος·
914 1379 989 1450 οὐδὲ
1008 1383 1079 1452 ἔστι
1097 1390 1159 1473 μὲν
1180 1379 1308 1470 κόσμος,

299 1486 360 1556 οὐκ
385 1491 446 1556 έισὶ
472 1491 507 1554 δὲ
535 1487 633 1554 θεοί·
676 1488 704 1553 ἐι
735 1489 772 1552 δέ
795 1487 859 1553 έισι
883 1490 985 1566 θεοί,
1022 1487 1104 1554 έισὶν
1126 1482 1259 1572 ἀγαθοὶ
1281 1489 1329 1552 οἱ·

299 1591 395 1658 θεοί·
417 1587 486 1657 ἀλλ’
504 1592 532 1658 έι
544 1591 661 1670 τοῦτο,
675 1591 762 1656 ἐστὶν
773 1584 893 1679 ἀρετή·
919 1584 987 1656 ἀλλ’
1003 1590 1031 1655 έι
1043 1592 1133 1676 ἐστιν
1147 1585 1246 1682 ἆρετη
1270 1589 1310 1670 ¹),

297 1693 370 1762 ἔστι
393 1688 576 1787 φρόνησις·
598 1689 667 1760 ἀλλ’
691 1695 719 1760 έι
736 1693 852 1773 τοῦτο,
884 1691 974 1761 ἔστιν
994 1686 1014 1774 ἡ
1034 1687 1200 1780 ἐπιστήμη
1220 1717 1308 1772 ποιη-

297 1799 378 1864 τέων
402 1821 437 1862 τε
462 1800 518 1861 καὶ
547 1791 585 1862 οὐ
611 1799 786 1878 ποιητέων·
818 1790 906 1862 ἀλλὰ
929 1799 1070 1878 ποιητέα
1093 1800 1155 1915 μέν
1181 1791 1311 1864 ἐστιτὰ

298 1893 569 1990 κατορθώματα,
606 1894 645 1965 οὗ
672 1901 872 1980 ποιητέαδὲ
901 1894 944 1964 τόν
968 1894 1220 2021 όμαρτηματα,
1255 1894 1309 1965 οίιι

296 1999 364 2092 ίίρα
392 2002 459 2070 πᾶν
484 2009 544 2088 μέν
571 2002 696 2088 γίνεται
727 1997 852 2068 καθΗ
836 2005 1047 2093 ειμαρμένην,
1090 1998 1151 2070 οὐκ
1181 2001 1309 2070 ἕστιί
1277 2003 1309 2069 δὲ

294 2099 478 2195 ἁμάρτημα
496 2109 552 2171 καὶ
571 2100 799 2224 κατόρθωμα·
822 2100 909 2172 ἀλλὰ
923 2101 1039 2192 τὰμὲν
1057 2101 1309 2225 κατορθώματα

295 2204 402 2288 καλόν,
438 2203 483 2274 τίι
503 2203 580 2275 δέ
560 2202 785 2298 αμαρτήματα
815 2203 958 2298 ἆισχρὰ,
989 2212 1045 2274 καί
1071 2203 1116 2274 τὰ
1141 2215 1203 2296 μέν
1204 2204 1309 2275 καλίι

295 2305 466 2399 ἐπαινετὰ,
489 2305 533 2374 τὰ
551 2311 586 2376 δὲ
608 2305 695 2375 κακόι
708 2305 827 2430 ιγεκτοί.
875 2306 941 2378 Οὐκ
963 2307 1030 2429 ίίρα
1052 2307 1166 2379 πάντα
1180 2316 1240 2432 μέν
1254 2314 1309 2378 έισι

294 2407 411 2478 καθ’
395 2413 602 2502 ειμαρμένην,
621 2406 681 2478 οὐκ
703 2410 772 2478 ἔστι
790 2415 860 2478 δὲ
844 2410 998 2483 επαινετόι
1018 2419 1074 2479 καὶ
1091 2412 1222 2508 ψεκτὰ,
1244 2409 1307 2482 ἀλλ’

292 2517 323 2581 έι
351 2515 472 2595 τοῦτο,
508 2509 568 2580 ὀόκ
594 2515 676 2581 έισιν
708 2513 837 2582 ἔπαινοι
861 2523 917 2584 και
942 2511 1065 2610 ιγόγοι
1103 2513 1223 2585 οἰλλΗ
1208 2513 1232 2586 ιί
1256 2524 1310 2607 μέν

293 2619 506 2706 ἐπαινοῦμεν,
528 2619 685 2738 τιμῶμεν,
707 2612 730 2682 όι
725 2611 787 2684 δέ
809 2622 973 2710 ψέγομεν,
996 2615 1197 2710 κολάζομεν,
1219 2611 1308 2689 καλό

292 2720 468 2808 μέντιμῶν
481 2720 640 2842 γεραίρει,
664 2745 682 2785 ο
672 2715 737 2787 (δὲ
723 2717 901 2802 ὲκολοίζον
916 2725 1115 2814 ἐπανορθοῖ
1166 2721 1271 2792 Οόκ”
1249 2749 1310 2816 αρα

292 2818 403 2891 πάντα
432 2830 493 2910 μὲν
516 2823 641 2909 γίνεται
668 2819 797 2891 καθ’
782 2828 992 2916 ιιμαρμένην,
1027 2821 1088 2893 οὗκ
1112 2827 1243 2895 ἔστιδὲ
1229 2837 1309 2948 ἐγε-

292 2925 419 3018 ραίρειν
443 2931 499 2992 καὶ
530 2927 753 3018 ἐπανορθοῦν.
796 2923 907 2994 Καὶ
890 2930 989 3006 οὗτος
1010 2925 1094 3011 δὴό
1074 2926 1226 3018 ολόγος
1249 2925 1320 2998 ἀπό

292 3054 351 3111 της
368 3024 470 3110 σίντῆς
490 3026 747 3122 παλαίστρας
723 3053 767 3097 οιν
787 3026 930 3111 δηλον
909 3058 951 3109 ας
977 3027 1034 3097 διόι
1054 3035 1121 3101 τῶν
1143 3032 1253 3102 αντῶν
1274 3029 1310 3098 ίίν

272 3127 465 3228 ,ιγινδὴς’
441 3156 485 3199 αν
506 3135 680 3220 ἐλέγχοιτο.
723 3135 918 3225 Πρῶτονμὲ
921 3157 938 3200 ν
955 3131 1019 3226 γὰρ
1037 3137 1087 3213 τίς
1101 3159 1309 3262 σνγχοιρησει

290 3236 470 3358 προχείρως
498 3231 552 3302 τὸ·
590 3231 629 3301 οὐ
657 3230 767 3302 πάντα
797 3238 857 3323 μέν
886 3239 956 3305 ἐστι
982 3234 1111 3304 καθ
1094 3245 1309 3334 ειμαρμένην,

289 3333 349 3404 οίικ
364 3339 434 3405 ἔστι
454 3341 490 3406 δὲ
475 3333 682 3416 δακώλντος
695 3363 751 3404 και
740 3333 1094 3461 σἰπαρεμπόδιστος
1074 3369 1096 3408 ιι
1112 3345 1177 3412 τοῦ
1188 3340 1310 3431 κόσμον

288 3441 516 3523 διοίκησις,’
500 3465 533 3509 ιν
557 3467 602 3534 τῳ
588 3440 783 3527 γίνεσθαι
814 3438 857 3508 τόι
876 3450 936 3530 μέν
957 3439 1029 3524 έξ
1009 3439 1182 3530 ανοίγκης,
1214 3443 1258 3514 τόι
1278 3446 1309 3510 δὲ

266 3545 517 3643 Ιένδεχομένως,
539 3511 595 3610 καί
613 3540 737 3612 τούτων
753 3541 795 3611 τὰ
812 3552 873 3634 μὲν
894 3542 1103 3640 κατὰφύσιν
1126 3551 1175 3632 ³),
1212 3547 1256 3616 τὰ
1275 3549 1308 3613 δέ

286 3643 374 3712 κατὰ
400 3647 591 3738 προαίρεσίν
615 3671 649 3714 τι
674 3653 730 3716 καὶ
750 3643 868 3734 λόγον,
890 3643 933 3716 τὰ
955 3646 1097 3716 δὲκαθ’
1121 3647 1250 3741 ὁρμὴν,
1271 3640 1310 3718 τίι

289 3751 325 3815 δέ
347 3744 414 3816 ἆπὸ
435 3744 534 3836 τύχης
552 3754 608 3816 καὶ
629 3744 845 3838 ἄντομιίτως·
868 3745 1054 3842 σἰναιρεῐται
1076 3755 1115 3821 δὲ
1134 3751 1248 3822 πάντα
1269 3745 1308 3819 τὰ

238 3867 240 3871 ’
285 3847 371 3918 ἄντα
400 3854 460 3931 ³2)
496 3845 559 3918 ὑπὸ
592 3853 651 3934 τῆς
685 3854 898 3945 ἱιμαρμένης,
946 3851 1006 3922 οὐκ
1033 3849 1104 3945 όίρα
1130 3852 1305 3946 ἀνεμπόδι-

288 3978 366 4033 στος
384 3947 413 4034 4)
432 3949 507 4021 όόδε
521 3950 689 4034 ἀκώλυτος
709 3951 731 4038 η’
754 3957 813 4024 τοῦ
831 3951 958 4046 κόσμον
976 3959 1143 4040 διοίκησις
1159 3965 1252 4048 μένοι
1270 3959 1305 4037 5).
