2758 4790
1032 377 1098 450 219
1179 434 1182 442 ,

96 574 128 627 et
148 571 213 628 tam
234 559 332 638 dissiti
352 577 480 644 sumus,
515 579 579 628 uuo
606 555 799 643 appellamur
826 557 964 625 nomine.
1021 556 1094 622 Nec

97 665 152 750 qui
175 665 209 730 in
232 664 364 728 Parthia
395 677 468 730 sunt
489 661 660 730 Christiani
683 663 791 747 plures
819 664 936 726 ducunt
956 681 1089 738 uxores,

98 767 240 854 quamvis
259 768 371 831 Parthi
392 769 454 831 sint
479 779 511 831 et
531 767 609 849 ipsi:
631 787 691 829 nco
711 765 766 850 qui
785 765 816 828 in
839 767 948 829 Media
968 764 1091 840 vivunt,

97 872 226 935 canibus
249 870 400 934 obiiciunt
429 882 595 944 mortuos3
632 891 690 933 nec
715 864 821 953 quiin
849 868 982 933 Perside
1008 880 1091 944 sunt,

97 975 175 1038 filias
203 976 320 1054 ducunt
347 995 484 1049 uxores,
524 993 594 1034 cum
624 984 655 1035 et
685 971 746 1054 ipsi
770 971 831 1034 sint
855 974 992 1037 Persae:
1028 991 1094 1034 non

97 1081 181 1161 apud
204 1077 388 1164 Bactrianos
410 1088 441 1139 et
465 1076 575 1139 Gallos
597 1075 696 1138 aliona
712 1074 908 1139 matrimonia
928 1087 1093 1151 temerant,

96 1194 162 1246 non
186 1180 219 1244 in
243 1181 395 1265 Aegypto
419 1179 527 1242 colunt
545 1177 669 1259 Apim,
692 1188 763 1240 'aut
788 1198 915 1256 canem,
955 1190 1008 1240 aut
1028 1177 1097 1240 hir·

97 1306 188 1361 cum,
215 1295 272 1366 aut
287 1283 407 1360 selem,
444 1284 500 1346 sed
525 1280 628 1344 ubivis
654 1291 726 1342 sunt
751 1281 915 1356 locorum,
949 1302 1096 1367 nonlpa·

96 1389 217 1452 tiuntnr
242 1409 260 1449 a
280 1373 493 1467 male'positis
511 1384 636 1469 legibus
659 1394 712 1447 aut
732 1382 932 1447 institutis‘se
954 1385 1094 1448 devinci.

97 1493 173 1555 Non
200 1511 255 1554 eos
278 1511 295 1552 a
316 1488 510 1570 principibus
529 1487 625 1550 stellis
648 1490 824 1572 gubernata
844 1487 989 1550 nativitas
1005 1508 1094 1551 com-

95 1594 186 1679 pellit
214 1592 380 1676 quiequam
406 1612 516 1654 eorum
536 1590 663 1666 facere,
703 1610 783 1674 quae
809 1591 959 1675 magister
985 1611 1097 1654 eorum

97 1697 209 1764 vetuit.
253 1695 384 1758 Interim
405 1693 524 1757 morbis
547 1715 584 1756 ac
607 1692 784 1775 paupertati
813 1706 845 1756 et
870 1693 1026 1771 adversis,
1065 1705 1096 1758 et

96 1802 125 1865 ei
146 1820 227 1884 quae
254 1797 299 1861 sic
330 1797 461 1873 dicium,
498 1795 642 1860 infamiae
670 1797 844 1860 subiacent.
899 1797 987 1860 Sicut
1014 1797 1096 1861 euim

96 1903 122 1970 is
147 1905 231 1967 intra
251 1922 310 1965 nos
332 1889 449 1976 homo,
484 1900 538 1983 qui
557 1899 639 1962 liber
660 1911 726 1976 est,
758 1903 797 1962 ad
817 1898 999 1963 servitutem
1030 1923 1095 1966 nou

83 2007 243 2094 'cogin1r3
273 2017 303 2067 et
325 2004 352 2067 si
374 2003 443 2087 quis
469 2024 588 2088 cogere
613 2003 690 2066 velit
712 2004 740 2066 ei
757 2001 899 2080 obsistit,
929 2004 973 2066 ita
993 2005 1020 2067 is
1043 2003 1098 2088 qui
1156 2057 1159 2062 .

97 2110 293 2192 conspicitur
317 2108 415 2171 homo
442 2118 583 2183 servus,
610 2125 674 2169 non
700 2106 793 2169 facile
820 2107 962 2191 effugere
990 2119 1098 2188 potest

98 2213 290 2280 necessitatis
319 2210 490 2274 vinculum.
535 2211 617 2272 Nam
645 2209 672 2272 si
700 2210 805 2273 omnia
828 2232 886 2275 nos
912 2231 1093 2291 possemus,

97 2341 155 2406 nos
186 2337 323 2380 essemus
354 2315 418 2375 hoc
449 2313 658 2386 Universum3
707 2325 819 2378 contra
850 2335 928 2378 vero
965 2314 991 2378 si
1022 2316 1098 2380 nihil

97 2441 280 2507 possemus,
306 2417 439 2481 aliorum
465 2437 620 2492 essemus,
644 2427 680 2478 ut
705 2429 774 2479 ante
798 2416 883 2493 dixi,
908 2417 1097 2484 instrumen-
1188 2465 1190 2474 ι

97 2540 145 2602 ta,
185 2545 249 2586 non
278 2519 381 2584 nostri
408 2519 564 2600 ipsorum.
622 2518 668 2582 Αῖ
693 2520 766 2584 Deo
793 2521 920 2583 favente
950 2522 1026 2586 nihil
1053 2536 1100 2587 est

88 2631 187 2715 ¹quod
208 2625 279 2688 fieri
307 2635 459 2708 nequeat,
495 2643 588 2686 nemo
614 2635 661 2686 est
689 2623 743 2706 qui
774 2623 945 2706 prohibere
977 2626 1118 2708 possit,·

99 2753 180 2817 quae
206 2729 234 2792 ci
260 2729 396 2810 placent.
441 2726 527 2788 Nihil
553 2725 634 2788 enim
663 2738 711 2788 est
739 2729 827 2810 quod
853 2725 918 2790 eius
944 2731 1101 2800 voluntati

98 2836 200 2922 possit
233 2835 376 2896 obstare.
419 2833 501 2892 Nam
534 2842 565 2891 et
593 2849 674 2912 quae
698 2850 876 2914 repugnare
905 2831 933 2894 ei
955 2834 1100 2901 videntur
1173 2839 1178 2852 '

99 2961 138 3002 eo
163 2947 364 3020 repugnant,
404 2935 492 3016 quod
520 2933 607 2995 Deus
640 2953 710 2994 cum
747 2933 787 2994 sit
818 2934 921 2997 bonus
949 2939 1103 3018 permittit

99 3043 213 3126 cuique
238 3050 368 3101 natuurac
393 3035 719 3120 suas'proprietates,
755 3047 786 3098 et
809 3038 963 3102 voluntati
987 3042 1095 3108 huma.

99 3167 157 3210 nae
180 3165 268 3207 suam
289 3142 478 3204 libertatem.

77 3263 83 3280 '
162 3247 254 3314 Haec
276 3243 376 3327 Syrus
398 3242 464 3306 ille.
