2758 4790
269 399 329 464 186

328 668 476 761 Σλόμασι
493 677 554 761 μέν
574 667 633 746 όόν
650 671 828 766 ἐπιτρίψαι
839 666 892 737 τά
907 663 1018 738 πάντα
1037 669 1099 737 ἒίτι
1123 662 1271 757 ἀτόμοις,
1294 687 1296 692 ’

267 777 330 844 ε’ίτε
361 783 431 854 τοῖς
458 775 632 863 στοιχείοις
656 776 885 862 καλουμένοις,
921 779 977 840 καὶ
1003 775 1043 868 τῇ
1079 775 1115 840 ἐκ
1149 769 1274 840 τούτων

265 874 397 970 ἀτάκτῳ
419 879 512 971 φορᾷ
533 873 626 960 τάξιν
646 883 702 944 καὶ
723 871 824 963 λόγον
844 881 899 943 καλ
919 872 1032 970 ψυχὴν
1052 873 1112 958 τὴν
1132 871 1274 964 ἡγουμέ-

263 1006 322 1064 νην
349 983 485 1072 γεννᾷν,
528 978 725 1074 ἀμφοτέρως
752 987 813 1074 μὲν
845 977 970 1046 ἀτοπον
1001 985 1057 1046 καὶ
1086 974 1271 1046 ἀδύνατον·

264 1081 510 1176 ἀδυνατώτερον
542 1087 598 1165 δὲ,
641 1086 669 1150 ἐι
701 1077 774 1151 όῑόν
795 1108 829 1150 τε
851 1087 972 1170 λέγειν,
1012 1079 1050 1149 τὸ
1072 1082 1106 1164 ἐξ
1131 1076 1275 1170 ἀτόμων.

264 1189 336 1255 Καὶ
362 1183 580 1278 περὶτούτων
600 1190 719 1255 πολλοὶ
740 1189 885 1277 ε’ίρηντοιι
913 1181 1006 1272 λόγοι
1034 1183 1185 1267 ἀληθείς.
1222 1180 1275 1250 'Es

264 1291 302 1358 δὲ
323 1287 364 1374 δὴ
385 1286 485 1358 θεῐτό
507 1315 558 1368 τις
578 1286 738 1370 τοιαύτας
751 1287 871 1380 ἀρχάς,
893 1283 961 1358 οάἀ
977 1284 1278 1375 ὁότωςάνιιγκοιῖον

137 1399 141 1408 “
215 1455 220 1464 .
265 1391 339 1464 όάτε
360 1392 420 1476 τὴν
442 1389 529 1460 κατά
549 1389 680 1461 πάντων
701 1389 867 1478 ἀνάγκην,
903 1389 978 1460 όότε
1005 1389 1064 1480 τὴν
1091 1389 1200 1484 ἄλλως
1227 1393 1276 1458 εἰ·

263 1501 432 1590 μαρμίνην
457 1501 612 1566 ἕπεσθαι.
661 1499 746 1586 Φέρε
770 1493 834 1586 γάρ
856 1498 985 1587 πρῶτον
1006 1490 1152 1582 ἀτόμους
1171 1497 1275 1561 ε’ῑναι·

265 1598 366 1669 ἀτίται
391 1600 502 1666 τοίνυν
526 1594 733 1681 κινήσονται,
756 1597 816 1681 τὴν
839 1607 900 1687 μὲν
928 1601 974 1677 ἕις
998 1596 1037 1665 τὸ
1061 1595 1152 1664 κάτω
1173 1598 1275 1676 (ἔστιν

263 1699 330 1792 γάρ
352 1729 385 1770 τι
414 1698 516 1782 κάτω)
545 1699 605 1785 τὴν
627 1706 663 1770 δὲ
692 1705 726 1768 ἐκ
750 1703 897 1788 πλαγίων
922 1694 1137 1790 ίίπηῇἔτυχεν,
1170 1698 1297 1768 ἀλλαιΔ

264 1804 352 1874 κατά
371 1802 475 1886 ἀλλα,
498 1803 593 1874 οὐδὲν
559 1803 654 1888 ὲδὴ
675 1801 805 1885 πάντως
823 1809 867 1888 ¹,)
888 1801 1007 1888 τάξεώς
1023 1829 1058 1872 τε
1079 1801 1149 1872 οὐκ
1160 1799 1275 1924 ἀόσφς.

269 1907 373 1978 Τὸὲ
339 1913 373 1976 δὲ
394 1905 567 2030 γενόμενον
583 1911 682 1992 τοῦτο
702 1901 754 1976 ότε
772 1912 883 2031 γέγονε
900 1905 1049 1988 πάντως,
1080 1900 1123 1986 ἀς
1142 1931 1179 1974 τε
1196 1903 1274 1974 όότι

262 2010 444 2107 πρόῤῥησις
464 2009 535 2094 ²)
519 2009 593 2080 οότε
613 2009 754 2102 μαντικὴ
780 2009 820 2079 τό
844 2006 1003 2105 παράπαν
1024 2008 1065 2079 ἀν
1090 2011 1137 2092 εἰη
1149 2061 1158 2092 ,
1195 2005 1274 2080 ὄντι

195 2155 196 2160 1
264 2111 335 2238 {fug
352 2119 421 2238 3)
405 2142 439 2187 εκ
456 2120 568 2207 τέχνης
593 2117 681 2196 (πῶς
701 2113 766 2203 γάρ
789 2117 841 2184 ἐπι
865 2125 936 2194 τοῖς
962 2109 1119 2192 ἀτάκτοις
1136 2116 1273 2201 τέχνης)

264 2216 338 2288 όάτε
366 2213 421 2302 ίίτε
450 2221 482 2302 ἐξ
506 2222 758 2306 ἐνθουσιασμοῦ
779 2224 835 2286 και
858 2219 1017 2296 ἐπινοίας·
1050 2220 1103 2284 δεῖ
1123 2213 1189 2307 γάρ
1214 2222 1273 2283 καλ

264 2327 415 2400 ε’ντοιύθιι
439 2319 618 2416 ὡρισμένον
641 2319 678 2389 τὸ
695 2327 814 2409 μέλλον
832 2325 924 2390 ε’ίναι.
966 2323 1037 2389 Καὶ
1057 2315 1188 2407 σώμασι
1208 2326 1275 2407 μὲν

262 2428 356 2494 ἔσται
392 2420 421 2508 ⁴)
456 2423 550 2517 παρά
576 2427 640 2493 τάν
673 2421 806 2514 ἀτόμων
840 2420 977 2513 πάσχειν
1013 2425 1273 2511 πληττομενοις,

262 2521 344 2623 ἀπερ
361 2527 404 2598 ἀν
424 2531 542 2598 ἐκεῖναι
564 2533 708 2622 φέρωσιν
725 2523 931 2616 ἐξάνάγκης,
953 2524 995 2596 τά
1012 2530 1048 2594 δὲ
1064 2527 1178 2620 ψυχῆς
1187 2526 1271 2617 ἔργα

262 2637 317 2701 καὶ
348 2626 448 2715 πάθή
476 2633 544 2700 τίσι
575 2627 720 2714 κινήσεσι
749 2634 813 2700 τάν
827 2671 829 2676 ,
843 2626 977 2718 ἀτόμων
1000 2623 1170 2710 ἀναθήσει
1198 2653 1273 2712 τις,·
1373 2713 1374 2726 ¹

216 2757 218 2763 ·
260 2739 341 2804 ποία
363 2733 427 2825 γάρ
452 2731 559 2821 πληγὴ
576 2731 597 2816 ἢ
617 2730 706 2801 κάτω
731 2738 928 2828 φερομένης,
957 2730 977 2816 ἢ
1006 2728 1150 2801 ὁπουοῦν
1166 2757 1270 2822 προς·
1373 2733 1374 2740 '

261 2834 463 2931 κρονοόσης,
499 2839 533 2906 ἐν
561 2842 731 2924 λογισμοῖς
755 2841 894 2916 τοιοῖςόε
920 2833 942 2919 ἢ
975 2830 1095 2928 ὁρμαῖς
1122 2839 1274 2914 τοιαῖςδσ

261 2939 282 3023 ί)
302 2935 453 3022 νοὴσεσιν
478 2941 507 3022 3)
536 2937 751 3030 ἢποιάσεσιν
782 2939 980 3028 ἀναγκαίαις
1008 2943 1091 3007 ἐῖναι
1126 2935 1148 3020 ἢ
1182 2931 1271 3017 όλως

261 3047 343 3113 ἕῑναι
366 3043 413 3126 ⁶)‚·
439 3035 544 3112 Ὅταν
575 3048 611 3112 δὲ
640 3033 686 3126 δὴ
704 3047 895 3112 ἐναντιῶται
916 3041 1008 3137 φυχίγ
1029 3045 1099 3120 τοῖς
1118 3043 1180 3108 τοῦ
1202 3037 1269 3108 σώ-

260 3173 366 3237 ματος
397 3143 598 3235 παθήμασι,
634 3145 722 3215 κατά
755 3147 853 3225 ποίας
880 3149 915 3213 δὲ
944 3142 1054 3239 φοράς
1079 3139 1216 3231 ἀτόμων
1246 3139 1273 3210 ό·

164 3336 167 3342 ,
260 3260 320 3339 μὲν
340 3247 555 3378 γεωμετρικός
576 3245 875 3373 ἀναγκασθήσεται
903 3251 1003 3329 ε’ῐναι,
1040 3242 1059 3313 ὁ
1089 3249 1124 3314 δὲ
1156 3241 1266 3338 ἀριθ·

259 3350 399 3476 μητικίγν
426 3357 483 3420 καὶ
508 3349 731 3444 ἀστρονομίαν
760 3355 1001 3431 ἐπισκέπτεται,
1044 3345 1062 3416 ὁ
1090 3352 1126 3416 δὲ
1154 3348 1267 3442 σοφός

260 3457 355 3526 ἔσται
376 3459 427 3539 ⁷),
454 3447 567 3536 ’Ὃλως
591 3454 656 3546 γάρ
678 3453 716 3523 τό
738 3449 894 3546 ἡμέτερον
915 3454 1036 3576 ἔργον
1031 3449 1145 3520 καὶτὸ
1166 3449 1265 3536 ζώοις

260 3565 355 3628 ε’ἴναι
386 3555 575 3638 ἀπολειται,
618 3555 805 3650 φόρομὲνων
849 3548 870 3652 ᾗ
904 3553 948 3624 τά
988 3553 1127 3644 στόματα
1169 3553 1262 3642 ἀγει,

261 3659 459 3733 ὠθοῦντα(
441 3666 548 3751 ημᾶς,
585 3653 687 3790 ὥςπερ
708 3659 827 3754 ἀψυχα
848 3655 999 3748 σώματα·
1044 3654 1135 3728 Τά’
1115 3656 1203 3728 αυτά
1224 3663 1263 3728 δὲ

260 3768 365 3836 ταῦτα
387 3793 441 3834 και
462 3761 545 3854 πρὸς
566 3762 644 3882 τοὺς
664 3768 758 3856 ἕτεροι
780 3759 918 3850 σιόματα
939 3759 1036 3830 ἀίτιοι
1051 3765 1116 3830 τῶν
1128 3757 1273 3830 πάντων·

260 3873 474 3959 τιθεμένους,
502 3893 557 3935 και
580 3858 632 3934 ότι
654 3869 847 3953 θερμαίνειν
867 3875 926 3952 μιν
948 3873 1002 3932 και
1024 3862 1141 3956 φόχειν
1162 3861 1258 3952 ἡμᾶς,

258 3978 312 4041 καὶ
349 3973 503 4067 φθείρειν
545 3973 580 4036 δὲ
620 3966 663 4036 τά
702 3963 928 4059 ἀσθενέστεροι
948 3963 1105 4037 ’δύναται
1142 3969 1258 4036 ταῦτα.
