2804 4786
1065 355 1126 420 ill
1221 401 1228 410 -

216 545 276 610 por
296 512 322 590 ἃ
341 516 542 614 naimone
573 515 746 594 intuertur
772 520 894 612 πρᾶξαι
920 515 1051 588 vertens
1071 533 1134 613 qai

213 625 418 707 omniafere
434 642 523 710 quae
534 623 692 706 faciunt,
705 623 910 703 faeerenon
922 629 1130 693 sustinerent.

221 725 450 789 Schulthessius
465 740 588 788 sensum
604 723 702 808 magis
719 745 811 807 quam
833 727 931 788 verba
953 726 1131 808 exprimens

218 839 320 890 totum
340 829 446 891 locum
468 827 515 890 sie
536 826 649 889 vertit:
689 825 773 892 dena
798 847 903 892 naum
929 829 1069 911 wurden
1084 831 1132 894 sie

221 930 358 1014 geneigt
377 951 475 1012 seyn,
507 927 567 990 clas
589 929 675 995 alles
701 949 745 990 zu
765 928 864 1004 thun,
885 947 951 989 was
970 930 1017 991 sie
1035 930 1130 1008 thun,

223 1051 312 1094 toenn
329 1030 376 1091 sie
396 1029 489 1090 ihren
506 1024 587 1094 Suu
597 1026 664 1104 sdr
685 1025 776 1087 nour
793 1025 934 1102 hielten,
969 1048 1059 1090 wonn
1083 1031 1132 1092 sie

224 1127 374 1191 wirreliclt
390 1125 573 1207 glaubteu,
594 1125 646 1189 die
665 1123 848 1188 Mensolien
870 1133 1014 1187 mitssten
1037 1129 1134 1189 notli-

130 1269 132 1276 ‹
224 1227 354 1307 wendig
377 1227 494 1287 immer
512 1223 572 1286 clas
590 1226 696 1300 thun,
727 1243 794 1284 was
820 1224 866 1285 sie
889 1223 991 1303 thun,
1013 1225 1084 1286 und
1102 1248 1136 1290 es

224 1326 314 1389 steht
333 1323 475 1387 niemals
490 1324 525 1384 in
543 1325 632 1387 ihrer
648 1323 789 1399 Maeht,
810 1319 869 1383 das
888 1321 1080 1402 Gegentheil
1094 1346 1137 1387 zu

226 1426 319 1487 tisun.
373 1423 437 1484 Sed
456 1423 605 1504 praefero
628 1421 768 1506 equidem
792 1423 821 1486 ἐι
841 1416 903 1511 ndo
923 1417 1006 1507 πρὸς
1028 1417 1139 1508 ὀλίγον

224 1536 286 1586 ete.
309 1524 372 1588 hoe
394 1546 497 1588 sensu.
518 1528 610 1590 Satis
628 1529 717 1589 enim
733 1523 799 1586 sibi
816 1524 1055 1604 persuaderent
1073 1527 1140 1605 ipsi

229 1627 287 1688 illi
304 1630 367 1711 qui
385 1637 506 1691 eontra
526 1635 696 1689 conantur
717 1623 848 1699 dicere,
868 1625 900 1684 si
919 1622 971 1686 vel
989 1623 1023 1685 in
1037 1627 1138 1687 mini-

226 1727 288 1788 mis
306 1725 402 1789 rebus
421 1736 578 1808 agerent,
599 1735 766 1805 tanquam
787 1742 865 1784 vera
883 1721 1029 1787 dieentes
1046 1723 1137 1797 (soil.

225 1825 311 1886 nihil
330 1846 399 1889 esse
428 1829 462 1887 in
483 1833 604 1888 nostra
623 1830 806 1904 potestate,
844 1840 935 1883 wenn
959 1823 1007 1885 sie
1031 1823 1137 1886 ilzrem

165 1925 167 1936 ⁴
227 1921 377 2005 Systeme
397 1933 530 2006 gemdss
550 1921 696 1985 handeln
717 1919 863 1997 wiirden)
891 1921 923 1980 si
940 1939 1141 2000 persuasum

228 2020 406 2099 haberent,
430 2021 517 2083 nihil
541 2041 660 2084 eorum
685 2038 775 2102 quae
796 2019 925 2100 aliquis
938 2018 1060 2098 facit,
1090 2022 1142 2082 ita

224 2117 386 2196 fierunt
407 2120 494 2184 idem
513 2119 629 2206 eodem
652 2128 801 2198 tempore
819 2136 861 2179 ea
881 2126 913 2181 et
934 2138 1002 2179 non
1014 2119 1143 2200 agendi

233 2218 391 2282 habuerit
417 2229 622 2300 potestatem
653 2216 677 2280 i.
707 2238 736 2280 e.
766 2214 794 2279 si
815 2215 996 2300 omitterent
1015 2217 1141 2296 faeere,

228 2319 471 2402 quaesendum,
506 2319 687 2402 vituperare
708 2318 798 2396 seil.,
832 2318 981 2396 laudare,
1017 2321 1144 2401 precari

228 2421 330 2484 Deos.
355 2424 447 2484 Tune
467 2422 611 2486 viderent
631 2424 686 2486 tali
706 2434 875 2503 systemate
896 2432 1027 2504 accepto
1049 2423 1145 2487 vitam

230 2541 295 2587 non
317 2525 449 2607 amplius
477 2526 550 2590 fore
582 2526 728 2600 uitalem3
764 2524 851 2608 quod
878 2522 913 2585 in
942 2527 1143 2607 sequentibus

230 2627 366 2690 ostendit
386 2639 509 2693 auctor.
532 2629 606 2710 (Ο.)
627 2625 711 2719 πρὸς
732 2622 842 2712 ὀλίγον
859 2636 907 2689 est
923 2626 976 2690 vel
988 2625 1037 2687 ad
1048 2626 1143 2692 breve

233 2741 375 2816 tempus,
398 2737 449 2800 vel
468 2735 670 2814 paullisper.
713 2731 811 2794 Mox.
826 2727 1035 2793 Londhabet
1048 2729 1148 2794 τοῦτο

232 2837 481 2924 πεπιστευμένῳ.
523 2833 640 2913 (Oasp.‘
658 2833 782 2916 Orell.)
1080 2909 1082 2914 ,

132 2988 135 2992 J
171 2936 205 3016 3)
233 2928 309 3000 ὑπό
332 2936 462 3016 τινος]
486 2933 539 2997 Sie
554 2931 654 3008 edidi,
679 2953 749 2996 eum
762 2933 795 2994 in
809 2933 1008 3015 sequentibus
1024 2933 1162 3018 legatur*

236 3031 280 3115 ὡς
301 3035 430 3124 ἔχοντος
457 3031 531 3101 τότε
558 3035 590 3100 in
620 3035 741 3118 optimo
764 3033 884 3100 Codice
911 3036 1019 3098 Havn.
1064 3037 1149 3101 Edd.

235 3135 299 3206 ὑπό
321 3162 427 3206 τινων.
468 3138 542 3218 (Ο.)

175 3245 208 3324 d)
237 3235 285 3318 ὡς
306 3240 473 3327 ἔχοντος
494 3236 606 3321 adis]
630 3239 682 3303 Sic
695 3241 804 3303 Havn.
821 3241 905 3304 Edd.
921 3239 1046 3328 ἔχοντες
1067 3236 1169 3322 edre,-

240 3345 327 3428 quod
347 3353 431 3404 esset
452 3343 603 3409 orationis
625 3343 838 3408 anacoluthon
858 3363 920 3424 pro
950 3339 992 3420 ὥς
1013 3338 1153 3431 ἐχόντων

239 3442 312 3514 τότε
327 3446 535 3527 praecedente
547 3445 615 3508 scil.
628 3441 691 3512 ὑπό
707 3469 813 3524 τινων,
834 3457 869 3507 ut
880 3444 931 3508 alii
944 3447 1066 3531 legunt.
1079 3445 1152 3526 (Ο.)

176 3554 209 3632 5)
237 3550 351 3636 βίος]
385 3549 475 3612 Haec
497 3569 565 3612 vox
586 3550 674 3612 abest
694 3549 726 3611 in
748 3548 825 3611 Ald.
843 3549 874 3610 1.
943 3575 946 3583 Α

565 3709 653 3751 ene.
676 3685 747 3750 xxa.

178 3806 211 3885 l)
226 3765 472 3884 Ιὑπόθοιτο]
517 3800 569 3865 Sic
597 3801 704 3865 Havn.
734 3813 765 3864 et
787 3799 919 3865 Aldinae
951 3795 1152 3870 inminuto

240 3906 348 3970 Lond.
