2758 4790
1059 435 1117 498 175

116 597 210 660 etiam
234 616 340 660 earnm
362 607 535 679 potestates
558 607 650 681 atque
681 607 790 676 actus,
830 613 895 664 tum
925 603 978 686 qui
1007 623 1120 668 secun·

116 704 190 764 dnm
218 711 380 776 naturam,
418 711 484 764 tum
512 699 566 785 qui
593 711 722 783 praeter
746 715 889 768 naturam
911 718 1000 782 sunt,
1040 729 1119 791 qnae

116 804 244 888 quidem
279 817 410 885 praeter¹
437 817 580 868 nattuam
618 803 701 868 diota
735 807 913 886 necessario
950 812 1121 876 cohaerent

115 908 278 972 submissis
301 930 408 972 rerum
431 907 580 992 gradibus
603 908 634 970 in
656 907 694 971 iis
715 911 812 974 rebus
835 933 914 994 quae
937 908 1031 976 natae
1049 926 1122 986 sunt

114 1012 209 1076 etiam
232 1011 302 1074 talis
325 1011 372 1075 rei
393 1010 585 1094 participes,
624 1034 688 1078 non
710 1013 947 1097 principaliter,
985 1019 1041 1080 scd
1062 1039 1122 1100 per

117 1137 197 1188 erim,
218 1118 347 1179 modum
375 1115 430 1199 qui
462 1114 577 1178 dicitur
610 1116 860 1180 adexsistentiae.
903 1118 1121 1205 ¹Cognoscere

114 1232 219 1285 autem
244 1217 333 1283 Deos
359 1239 396 1281 ea
426 1239 507 1301 quae
534 1230 606 1281 sunt
632 1219 778 1302 ancipitia
806 1221 916 1284 melius
943 1244 1036 1305 quam
1057 1224 1122 1303 fert

115 1345 227 1408 eorum
250 1334 380 1396 natura3
403 1321 477 1406 quia
498 1323 578 1386 baec
595 1320 720 1406 quidem
737 1335 881 1388 naturam
898 1327 1046 1390 habentia
1061 1349 1121 1410 per
1226 1364 1240 1408 ,=

113 1448 148 1491 se
173 1426 367 1490 indefinitam
390 1436 526 1508 possunt
546 1436 578 1504 et
598 1425 724 1490 evenire
747 1439 778 1491 et
802 1450 867 1508 pon
894 1429 1020 1506 evenire
1027 1473 1037 1506 ,
1061 1429 1121 1512 ipsi

115 1551 213 1606 vcro,
245 1541 280 1594 ut
302 1530 359 1613 qni
379 1541 510 1604 naturae
534 1529 596 1593 sint
613 1530 750 1612 potioris
771 1532 887 1596 borum
906 1533 1121 1617 cognitionem

114 1644 367 1709 antecesserunt,
401 1633 446 1698 ita
466 1645 501 1696 ut
523 1632 615 1696 etiam
628 1633 768 1698 ,delinito
790 1635 849 1698 ista
874 1636 994 1700 norint.
1038 1639 1121 1700 Nam
1214 1700 1217 1705 .

115 1749 145 1800 et
166 1759 219 1802 res
242 1736 407 1819 partibiles
431 1736 664 1819 impartibiliter
691 1749 722 1799 et
742 1737 927 1802 indistanter
950 1760 1005 1803 eos
1026 1759 1121 1804 nosse

114 1862 243 1906 necesse
267 1852 332 1917 est,
368 1852 399 1902 et
420 1839 604 1922 mrrltiplicia
624 1839 844 1917 uniformiter,
880 1853 913 1904 et
932 1843 1124 1924 temporalia

114 1957 266 2022 aeterne,
299 1955 331 2008 et
360 1943 467 2030 genita
494 1943 647 2030 ingenite.
698 1945 812 2027 Neque
834 1943 916 2008 enim
938 1946 1121 2010 audebimus

113 2047 218 2112 dicere
255 2069 327 2110 cum
368 2048 510 2112 fluxione
546 2069 653 2110 rerum
688 2069 751 2110 una
788 2047 941 2111 cursitare
977 2049 1122 2114 Deorum

114 2151 332 2238 cognitionem
355 2163 408 2214 ant
430 2173 499 2214 csse
521 2150 638 2235 aliquid
660 2153 744 2234 apud
772 2172 847 2227 eos,
885 2162 940 2214 aut
967 2153 1122 2236 praeteri-

113 2269 179 2320 tum
207 2267 262 2324 aut
293 2255 453 2332 futurum,
491 2276 594 2339 neque
617 2258 710 2337 ‚apud
740 2276 796 2319 eos
826 2253 908 2332 dici,
948 2258 1037 2340 quod
1062 2274 1122 2322 nos

114 2360 397 2437 Timaeusdocet,
434 2360 510 2424 boc
538 2357 637 2435 tuit,
672 2360 750 2423 boc
779 2358 875 2436 erit,
914 2381 994 2444 quae
1023 2379 1133 2424 voces.

114 2461 296 2529 mutationis
324 2463 356 2526 in
385 2483 423 2528 se
447 2461 715 2548 significationem
746 2466 880 2540 habent,
920 2465 976 2526 sed
1002 2476 1122 2543 tantum

116 2579 196 2644 est,
228 2567 346 2630 euhoe
365 2566 470 2650 ipsum
498 2587 562 2632 non
586 2567 844 2630 connumeratum
867 2589 939 2630 cnm
963 2567 1019 2631 illo
1047 2569 1064 2630 f
1068 2567 1124 2630 iat

114 2683 151 2734 et
174 2671 274 2748 erit,
298 2682 392 2755 atque
415 2671 455 2732 ab
476 2670 521 2734 eis
536 2681 649 2734 contra
663 2670 852 2746 distinctum,
877 2674 933 2734 sed
948 2671 1122 2756 cogitatum

114 2788 184 2838 ante
208 2795 334 2840 omnem
355 2773 507 2857 temporis
526 2773 764 2850 indicationem,
789 2775 832 2838 ita
854 2787 888 2838 ut
904 2776 1049 2851 Deorum
1063 2774 1121 2837 im-

113 2877 350 2945 mutabilitatem
373 2891 404 2942 et
425 2877 704 2954 invariabilitatem
723 2877 899 2963 significet:
925 2877 1121 2962 quodetiam

112 3003 245 3068 magnus
268 2983 473 3056 Parmenides
498 2981 583 3047 omni
605 2983 651 3054 rei
674 3003 753 3064 quae
775 2980 936 3044 intellectu
958 2983 1030 3046 solo
1045 3004 1120 3064 pcr-

112 3086 230 3170 cipitur
248 3088 361 3162 adesse
384 3087 534 3162 affirmat,
559 3085 605 3150 sic
628 3085 709 3148 enim
732 3084 793 3148 ait:

149 3232 223 3284 Non
236 3226 328 3302 fuit,
346 3239 400 3281 aut
420 3233 477 3282 erit
498 3229 562 3300 boc,
592 3233 643 3283 sed
659 3237 775 3282 tantum
796 3231 933 3282 dicimus:
961 3238 1004 3283 est
1023 3232 1083 3284 boc.

114 3398 229 3480 Neque
249 3396 488 3470 existimandum
508 3411 556 3460 est
576 3398 787 3462 necessarium
809 3396 956 3460 habitura
975 3407 1121 3462 eventum
1203 3383 1205 3388 ⁸

113 3521 151 3564 ea
170 3497 250 3585 ¹quae
267 3499 413 3584 ancipitia
431 3500 579 3577 dicimus,
606 3503 677 3584 quia
700 3523 718 3565 a
740 3501 815 3564 Deis
836 3499 965 3564 definito
983 3522 1121 3566 noscun-

113 3617 180 3666 tur.
227 3605 302 3667 Non
326 3604 429 3680 enim,
462 3605 534 3687 quia
559 3603 591 3682 id
612 3606 713 3668 sciunt
736 3604 811 3679 Dii,
846 3605 920 3669 ideo
942 3604 1120 3672 necessario

114 3709 175 3770 ista
198 3708 363 3782 evenient,
403 3709 465 3778 sed,
492 3707 564 3792 quia
594 3721 736 3772 naturam
764 3708 911 3771 habentia
943 3708 1121 3792 ambiguam

115 3822 148 3872 et
169 3809 201 3871 in
223 3821 393 3895 utrumque
411 3812 608 3898 proclivem,
636 3811 935 3876 exitumbabebunt
956 3811 1049 3874 talem
1068 3823 1121 3874 aut

76 3955 79 3960 -
114 3914 230 3991 talem,
253 3918 425 3997 propterea
447 3916 536 3980 Deos
554 3936 682 3978 necesse
705 3907 752 3976 est
773 3914 855 3977 scire
880 3917 1043 3999 quomodo
1069 3937 1120 3978 res

116 4017 241 4082 exitura
270 4019 327 4094 sit,
364 4029 474 4103 estque
499 4020 718 4090 idemnatura
749 4017 873 4102 quidem
906 4042 962 4086 sua
989 4040 1122 4102 anceps,
