2758 4790
282 1107 742 1202 οωωοττον
795 1107 1267 1226 Γασττντον

394 1243 438 1380 ⁴·
550 1282 995 1375 ΠΛΗοοΝοΣ.

455 1497 1075 1594 ῑΣτΓΓΡΑΜΜΑτεοΝ

579 1667 685 1766 ’Περὶ
706 1680 960 1765 έιμαρμένης.

1263 1954 1268 1982 ί

331 2037 537 2166 Πότεραῃέ
500 2044 537 2109 δέ
567 2031 706 2135 ἀρισταί
738 2065 772 2108 τε
793 2047 858 2108 καὶ
886 2037 1059 2134 ἐίμαρται
1055 2031 1205 2110 ἅπαντα
1236 2037 1277 2108 τά

266 2147 444 2236 μέλλοντα,
472 2173 493 2228 η
515 2169 603 2212 εστιν
625 2137 650 2210 ἀ
673 2170 712 2211 ου
738 2139 950 2236 διώρισται
931 2145 1058 2226 ἀυτῶν,
1089 2141 1158 2211 ἀλλ
1171 2140 1279 2265 ἀορί-

268 2273 353 2328 στως
378 2275 413 2316 τε
439 2245 479 2331 δὴ
504 2253 560 2313 καὶ
575 2242 740 2366 ἀτάκτως
765 2251 908 2368 χωρεῖ,
920 2253 976 2316 καὶ
998 2242 1101 2326 δύτως
1123 2232 1212 2326 ὅπως
1239 2243 1279 2314 ἀν

268 2349 384 2462 τοίχοις
413 2340 581 2433 δηλαδὴ“
562 2373 614 2416 οτι
640 2341 778 2441 ὥρισται
800 2341 943 2419 ἀπάντα.
987 2345 1038 2418 Ει
1070 2347 1138 2442 γάρ
1169 2346 1281 2418 ὁτιοῦν

269 2452 329 2544 οὐχ
354 2450 538 2548 ὡρισμένως
562 2453 693 2540 γίνοιτο
710 2454 775 2522 τῶν
797 2454 996 2578 γινομένων,
1024 2451 1100 2538 ἤτοι
1125 2450 1202 2521 ἀνευ
1228 2449 1281 2520 ἀι-

270 2558 341 2624 τίοο
362 2554 496 2644 γεγονὸς
521 2556 630 2638 ἔσται,
662 2562 718 2624 καὶ
739 2563 771 2623 τὶ
792 2557 884 2628 ἔσται
913 2559 976 2625 τῶν
995 2560 1187 2644 γινομένων,
1222 2552 1281 2637 τὴν

268 2664 393 2749 γένε’σιν
416 2657 493 2728 ἀνευ
519 2654 627 2726 ἀιτίον
653 2655 823 2747 50555592
840 2656 860 2741 5
886 2655 945 2750 οὐχ
970 2655 1158 2788 ὡρισμένως
1179 2655 1281 2740 ἀοτὸ,

270 2760 347 2831 οὐδὲ
333 2759 426 2831 ἐστίν
445 2757 569 2856 ἀνάγκη
591 2759 630 2828 τὸ
654 2758 760 2830 ἀίτιον
781 2759 1022 2889 ἀπεργάσεται,
1054 2768 1109 2830 καί
1131 2768 1161 2830 τί
1187 2763 1282 2831 ἔσται

269 2867 334 2934 τάν
356 2859 487 2948 άιτίων,
515 2861 574 2933 οάιι
597 2860 742 2961 ἀνάγκῃ,
765 2861 883 2938 οὐδ
861 2871 1046 2957 ωρισμένως
1070 2863 1229 2988 δεδρακάς
1249 2893 1283 2934 τι

272 2957 316 3036 ὧν
336 2963 378 3035 ἀν
400 2963 505 3061 δρῴη·
528 2965 579 3036 ὁῑν
601 2964 756 3058 οὐδέτερα
778 2965 913 3037 δυνατά.
956 2963 1149 3038 Πολύδ’
1131 2995 1180 3038 ετι
1196 2960 1283 3058 μάλ-

271 3075 331 3140 λον
352 3067 536 3152 ἀδύνατον,
558 3073 587 3139 ἐι
608 3069 686 3152 τοὺς
704 3069 810 3152 θεούς
829 3099 879 3152 τις
896 3075 980 3160 λέγει
999 3069 1283 3168 μεταβάλλεσθαι

270 3170 411 3265 περὶτὰ
437 3176 553 3268 σφίσιν
581 3171 662 3267 ὑπὲρ
691 3176 755 3242 τῶν
781 3171 967 3264 μελλόντων
989 3179 1190 3264 ἐγνωσμένα,
1227 3182 1302 3244 καὶ.

271 3273 348 3370 ἕτερ’
373 3273 476 3359 ἀττα,
502 3273 579 3369 παρ’
603 3273 626 3344 5
646 3281 826 3368 ἐμέλλησαν
846 3274 1031 3361 ἀποτελεῖν,
1060 3281 1121 3346 ἐίτε
1145 3275 1199 3348 ὑπ’
1226 3275 1285 3348 ἀν·

273 3374 422 3466 δρώπων
446 3384 569 3462 λιταῖς,
591 3377 614 3462 5
636 3403 704 3448 τισι
729 3377 849 3473 δώροις
869 3386 1195 3474 παραπειθομένονς,
1222 3385 1285 3450 ἐίτε

272 3478 313 3564 55
341 3487 397 3548 καὶ
419 3479 528 3562 άλλως
548 3486 586 3570 γέ
606 3509 685 3562 πως·
700 3480 783 3551 ἀοτὸ
805 3480 1003 3572 πάσχοντας.
1044 3481 1286 3554 Κινδυνεύονσι

272 3581 337 3676 γάρ
363 3588 396 3651 οἱ
419 3581 478 3666 τὴν
499 3590 572 3676 περὶ
594 3587 658 3654 τῶν
680 3587 838 3675 ἐσομένων
867 3583 1013 3676 ἀνάγκην
1036 3613 1069 3654 τε
1092 3593 1147 3655 καὶ
1169 3591 1287 3680 ἐιμαρ-

274 3691 374 3774 μένην
391 3684 621 3780 ἀναιροῦντες,
654 3685 676 3771 5
693 3696 749 3757 καὶ
771 3692 828 3773 τῆς
849 3692 1006 3781 προνοίας
1025 3683 1107 3809 ὅλως
1128 3693 1192 3760 τῶν
1209 3693 1287 3786 τῇδε

275 3786 462 3910 ἐκβάλλειν
468 3787 546 3868 τοὺς
567 3786 732 3873 55053,²
710 3799 805 3874 ηκαί
823 3790 883 3876 τὴν
903 3793 967 3860 τῶν
988 3790 1144 3885 χειρόνων
1169 3790 1288 3872 ἀντοῐς

274 3888 406 3973 ἀιτίαν,
443 3889 516 3960 ἀντὶ
538 3894 602 3962 τῶν
626 3895 660 3961 ἐκ
684 3897 748 3963 τῶν
772 3898 921 3964 δυνατῶν
948 3898 1125 3984 βελτίστων
1145 3892 1288 3990 περιάπ-

274 4009 356 4062 τειν·
385 3989 555 4085 ἀμήχανον
580 3992 635 4082 ὃν,
661 3994 709 4088 μὴ
728 3994 767 4072 οὗ
788 3995 965 4092 θάτερα’
946 4004 1017 4086 αεὶ,
1044 3995 1120 4084 ἤτοι
1138 3996 1182 4068 τά
1202 3995 1289 4092 πρό-
