2828 4792
1128 477 1163 516 11

155 612 387 693 Enneadum
427 606 596 694 editione
637 618 799 694 Manilii
836 618 962 693 Ficini
995 621 1166 699 Basileae

153 737 259 837 apud
277 736 438 811 Pernam
464 737 680 838 Lecythum
706 736 801 814 1580
824 738 1005 839 impressa
1028 742 1166 822 deseri.

152 868 282 955 ptam,
326 859 507 932 correctis
529 871 657 934 tamen
689 859 838 957 aliquot
862 858 963 934 vitiis
988 865 1163 961 typogra-

152 975 295 1075 phicis
339 974 485 1052 Addidi
515 977 629 1054 etiam
658 976 883 1053 Bardesanis
915 978 999 1080 Syri
1031 983 1164 1056 locum

155 1095 335 1172 adversus
369 1095 594 1194 Astrologos
625 1107 817 1172 servatum
847 1097 895 1171 ab
925 1097 1095 1175 Eusebio
1123 1101 1166 1177 in
1286 1191 1292 1204 ι

154 1213 448 1315 Praeparatione
458 1215 704 1313 Evangelica,
714 1215 862 1324 collatis
871 1215 969 1290 Rob.
979 1218 1163 1320 Stephani

155 1347 194 1411 et
215 1336 350 1410 Franc.
376 1333 510 1433 Vigeri
538 1319 772 1410 editionibus
785 1391 795 1428 ‚
835 1335 989 1410 tandem
1016 1339 1165 1413 coroni-
1235 1394 1236 1402 κ

99 1449 102 1454 ’
153 1454 211 1529 dis
237 1457 326 1527 loco
348 1466 498 1554 praeter
517 1458 637 1532 breve
653 1453 810 1530 Alcinoi
831 1451 977 1554 Caput,
1006 1457 1166 1554 Georgii
1214 1521 1216 1526 .

155 1574 318 1650 Gemisti
337 1573 533 1650 Plethonis
549 1575 726 1650 libellum
745 1575 794 1649 de
810 1573 907 1649 Fato
926 1597 973 1650 ex
995 1575 1165 1652 editione

152 1695 253 1768 Sam.
270 1693 440 1769 Reimari
457 1692 781 1791 Hamburgensis,
807 1692 993 1791 Lugduni
1005 1692 1167 1773 Batavo-

152 1843 241 1888 rum
256 1841 315 1914 ap.
335 1813 561 1890 Conradum
577 1813 757 1888 Wisshof
772 1815 865 1888 1722
888 1838 1046 1909 excusa,
1074 1805 1164 1890 cum

154 1919 327 2009 eiusdem
356 1932 534 2009 versione
562 1932 703 2028 latina,
745 1931 894 2007 omissis
925 1929 1073 2029 tamen,
1112 1960 1165 2011 ne

153 2055 276 2128 moles
296 2051 389 2127 libri
411 2050 527 2128 nimis
548 2033 775 2150 augeretur,
801 2051 885 2126 aliis
907 2078 1006 2151 quae
1027 2054 1070 2130 in
1090 2056 1163 2129 hac

153 2172 325 2252 editione
343 2174 546 2270 leguntur,
573 2158 862 2270 quaestionibus
888 2171 1164 2272 philosophicis

152 2293 256 2369 inter
283 2291 512 2390 Pletbonem
539 2289 682 2366 eteius
720 2289 953 2394 discipulum
976 2290 1164 2368 Bessario·

151 2438 244 2490 nem
269 2412 428 2510 agitatis.

217 2531 283 2606 Ad
308 2533 453 2607 calcem
477 2531 600 2609 adieci
626 2559 715 2607 cum
729 2531 964 2612 Varietatem
987 2533 1166 2612 lectionis

155 2679 179 2728 e
205 2651 417 2726 Codioibus
451 2651 579 2726 Msstis
614 2664 652 2727 et
683 2650 919 2726 editionibus
953 2648 1166 2728 Alexandri

156 2773 322 2849 maxima
347 2798 423 2872 qua
446 2770 558 2871 potui
582 2769 779 2869 diligentia
804 2780 1043 2871 excerptam,
1082 2783 1167 2847 tum

155 2905 266 2988 notas
290 2893 427 2968 breves
451 2891 493 2965 in
518 2890 648 2966 omnia
665 2893 851 2991 opuscula
867 2892 939 2965 hac
957 2888 1167 2968 collatione

157 3023 338 3089 contenta
364 3009 548 3102 Criticam
573 3008 752 3084 maxime‘
762 3019 983 3109 spectantes.

232 3132 427 3208 Postrema
451 3129 660 3229 gratissima
687 3128 807 3204 animi
839 3154 955 3216 sensa,
972 3130 1166 3211 testificari

155 3253 272 3328 liceat
288 3249 453 3352 patrueli
469 3275 556 3326 meo
583 3247 776 3324 carissimo
805 3247 971 3349 Casparo
991 3251 1165 3350 Orellio,

158 3372 366 3448 Professori
397 3369 653 3468 Eloquentiae
685 3376 723 3443 et
755 3367 1073 3446 Hermeneutioes
1111 3400 1165 3448 sa·

158 3515 245 3568 crae
271 3493 313 3568 in
341 3488 548 3592 Gymnasio
573 3488 775 3564 Turicensi
798 3488 1061 3565 meritissimo:
1098 3493 1168 3592 qui

158 3640 243 3690 non
274 3614 401 3686 solum
439 3609 613 3684 laborem
647 3619 770 3684 textus
805 3609 1036 3684 emendandi
1074 3625 1113 3688 et
1143 3640 1167 3688 a

157 3731 262 3809 vitiis
287 3728 568 3832 typographicis
592 3729 823 3828 repurgandi
838 3755 989 3806 mecum
1006 3730 1167 3831 partitus
1209 3782 1211 3790 ,

160 3865 217 3927 est
234 3850 531 3949 diligentissime,
558 3849 623 3924 sed
641 3848 755 3923 etiam
772 3849 1167 3927 animadversionibus

159 3970 237 4047 suis
257 3971 429 4052 doctrina
457 3983 496 4047 et
520 3967 697 4048 acumine
727 3968 866 4071 quibus
882 3967 1004 4070 pollet¹
1029 3969 1164 4067 dignis*
