2758 4790
1073 379 1135 462 aaa

128 569 210 636 Nam
232 567 297 634 hoc
320 569 391 655 ipso
415 572 516 636 maior
539 591 609 636 eum
636 583 795 654 premeret
821 571 1008 646 necessitas,
1045 570 1132 654 quod

126 695 192 738 nou
216 673 299 738 es'set
323 675 372 739 sui
399 675 499 754 ienis,
537 677 593 740 ted
620 657 676 739 tali
700 675 837 740 serretur
860 673 957 739 incitu
990 673 1044 758 qui
1072 695 1131 736 nes

126 777 324 842 voluntarius
361 791 464 856 esset,
503 799 562 844 neo
593 801 634 844 ex
667 799 761 843 causa
793 778 896 864 aliqua
926 779 1128 861 procederet.

125 881 210 945 Nam
237 880 272 944 id
296 885 382 965 quod
409 882 556 947 volumus
582 882 716 946 animum
743 880 917 946 commovit
943 879 1010 944 sive
1045 879 1130 942 intus

125 983 193 1048 sive
216 995 325 1062 extra,
345 996 409 1057 ,aut
433 983 466 1048 id
490 987 577 1070 quod
597 985 758 1068 cupimus,
794 997 847 1049 aut
868 984 895 1047 si
916 983 993 1047 nihil
1018 1002 1128 1047 eorum

125 1108 207 1170 quae
230 1088 405 1170 expetimus
430 1087 491 1154 fuit
511 1091 599 1173 quod
620 1097 837 1152 commoveret
863 1087 1015 1163 animum,
1041 1098 1129 1150 certe

123 1192 323 1255 commoveri
339 1211 402 1256 non
423 1191 540 1274 potuit.
585 1191 682 1272 Quod
697 1189 817 1254 siliunt
834 1189 938 1253 omnia
953 1209 993 1251 ex
1011 1188 1124 1264 causis,

122 1293 288 1374 proximas
317 1294 438 1358 effectis
460 1296 556 1388 rebus
578 1294 671 1358 facile
693 1305 740 1356 est
765 1291 924 1368 invenire,
960 1293 1051 1355 etad
1074 1311 1137 1393 eas¹

123 1397 256 1460 effeetus
281 1397 369 1480 ipsos
391 1398 561 1482 redigere:
595 1408 671 1481 puta
699 1398 801 1460 eundo
826 1395 857 1459 iu
879 1397 1005 1471 lorum,
1040 1394 1129 1478 quod

123 1515 204 1582 opus
230 1499 291 1564 tuit
321 1499 429 1564 videre
457 1501 613 1584 aliquem,
653 1509 706 1563 aut
731 1501 868 1562 debitum
894 1497 1055 1579 recipere,
1093 1508 1124 1558 et

122 1603 296 1686 generatim
320 1621 377 1666 ctu·
400 1605 471 1688 quis
490 1603 571 1666 haec'
594 1603 712 1689 eligat,
746 1615 777 1667 et
799 1603 909 1666 deinde
928 1601 1067 1685 appetitu
1086 1603 1125 1664 ad
1219 1679 1225 1694 Ι

121 1725 156 1766 ea
174 1705 376 1783 corrodetur,
401 1708 489 1791 quod
507 1706 551 1770 ita
568 1707 745 1771 faciendum
766 1705 867 1769 visum
892 1719 941 1768 est
967 1703 1041 1788 ipsi.
1080 1705 1124 1766 Et

120 1808 271 1872 nonnulla
293 1808 418 1892 quidem
446 1811 580 1886 horum,
622 1809 741 1874 artibus
767 1820 895 1891 accepta
922 1808 1067 1872 ferrantur
1089 1817 1125 1869 ut

119 1911 323 1994 recuperatio
343 1911 481 1975 sanitatis
504 1911 674 1975 medicinae
697 1923 727 1975 et
746 1911 886 1986 medicea
910 1911 1035 1974 divitiae
1051 1898 1141 1973 the-'¹
1230 1978 1234 1982 ,

119 2033 217 2078 sauro
238 2013 370 2079 invento
392 2027 446 2078 aut
471 2015 651 2079 liberalitati
677 2015 827 2091 alterius,
859 2027 911 2078 arat
934 2013 1039 2077 labori
1069 2007 1124 2094 aut

119 2116 257 2180 artificio
281 2129 490 2201 quaestu0s03
513 2117 718 2200 fitius-patri,
742 2130 773 2181 et
797 2117 828 2182 si·
845 2119 920 2202 qnid
942 2117 1025 2182 aliud
1050 2117 1129 2199 opi·'

118 2221 250 2282 tulatum
272 2233 320 2283 est
346 2223 385 2285 ad
406 2221 660 2308 generationem,
699 2221 831 2285 alterum
857 2221 946 2286 alteri
968 2207 1131 2302 superve-⁸

117 2324 225 2398 niens,
250 2335 285 2386 nt
307 2323 370 2388 cibi
389 2325 514 2408 quidam
532 2337 585 2388 aut
608 2323 700 2387 etiam
716 2324 800 2388 inter
814 2345 849 2388 ea
869 2345 949 2408 quae
965 2321 1131 2406 propiora¹

116 2437 208 2503 stant,
244 2439 370 2508 reperta
391 2427 531 2492 foemina
556 2440 628 2510 apta
653 2429 692 2490 ad
708 2427 911 2510 pariendum:
947 2425 1143 2513 generatim¹

116 2541 332 2616 temptatura
351 2529 433 2612 ipsa.

591 2738 640 2802 ΙΙ.

179 2842 233 2905 Ad
253 2842 331 2906 haec
351 2839 407 2904 ubi
427 2854 553 2904 ventum
578 2839 640 2916 sit,
675 2839 719 2903 ibi
740 2840 967 2923 conquiescere
992 2865 1051 2907 nee
1075 2844 1131 2908 ad'
1212 2825 1220 2832 ¹

113 2944 281 3028 superiora
302 2946 470 3027 ascendere
493 2943 593 3006 videri
613 2954 802 3026 potestesse
818 2944 954 3008 hominis
977 2943 1130 3034 degene-¹

111 3049 175 3125 ris,
200 3067 302 3132 neque
322 3045 367 3110 eis
389 3045 608 3122 auscultantis,
633 3045 686 3129 qni
702 3047 741 3108 ad
757 3047 874 3129 primas
891 3059 922 3110 et
941 3060 1027 3114 trans
1045 3072 1114 3116 onr-

111 3153 164 3215 nia
185 3169 294 3213 causas
317 3152 500 3213 ascendunt.
545 3147 615 3214 Cur
631 3149 712 3212 enim
732 3171 803 3212 cum
822 3152 930 3212 eadem
947 3147 1126 3234 exsistant,¹
1226 3191 1229 3216 t

111 3263 189 3338 pata
214 3271 285 3316 etun
309 3253 383 3328 luna
402 3253 563 3334 appareat,
588 3252 666 3316 alius
687 3253 813 3316 furatur
838 3252 915 3316 alites
938 3276 1003 3318 non
1024 3257 1114 3322 lura-

110 3371 186 3433 tur,
226 3368 257 3420 et
279 3375 349 3419 curn
371 3354 470 3418 abiis
498 3357 593 3419 rebus
622 3377 701 3440 quae
722 3369 787 3420 n'os
814 3349 1129 3441 circumplectuntur

112 3463 221 3524 eadem
243 3462 283 3522 ad
297 3477 356 3522 nos
376 3457 494 3531 fluant,
511 3445 514 3449 ’
531 3458 609 3522 alius
631 3458 828 3545 aegrotavit,
853 3459 930 3522 alius
952 3461 1033 3525 bene
1055 3461 1113 3527 ναξ

110 3563 190 3640 luit,
226 3581 266 3626 ex
290 3561 399 3626 iisdem
421 3559 571 3642 operibus
592 3562 644 3624 hie
670 3563 757 3626 dives
779 3563 832 3631 fit,
867 3584 990 3645 pauper
1010 3565 1115 3630 alius?

111 3669 196 3729 'sum
218 3685 299 3729 vero
318 3663 444 3727 vivendi
457 3663 595 3726 ratioues
614 3675 782 3750 moresque
800 3665 916 3728 diversi
934 3689 993 3730 nec
1011 3667 1127 3732 minus

109 3773 258 3834 fortunae
280 3769 391 3831 volunt
417 3789 478 3831 nos
501 3767 549 3830 ire
574 3765 720 3851 longius:
759 3782 790 3831 et
819 3769 864 3832 sic
886 3791 1036 3854 narsquam
1059 3796 1110 3836 re·
1173 3771 1175 3774 ’

109 3875 268 3953 perientes
295 3871 355 3934 ani
384 3883 466 3932 stare
495 3869 637 3952 possint,
677 3869 727 3932 alii
760 3862 912 3952 principia
942 3885 1112 3939 statuentes

111 3997 286 4060 corporea,
319 3985 395 4058 puta
420 3993 456 4036 ea
479 3993 557 4056 qaaae
584 3971 689 4040 dicum
713 3973 910 4050 insecabilia,
935 3975 1048 4040 horum
1065 3980 1110 4044 in.
