<?xml version="1.0" encoding="UTF-8"?>
<!DOCTYPE html PUBLIC "-//W3C//DTD XHTML 1.0 Transitional//EN"
    "http://www.w3.org/TR/xhtml1/DTD/xhtml1-transitional.dtd">
<html xmlns="http://www.w3.org/1999/xhtml" xml:lang="en" lang="en">
 <head>
  <title>
</title>
<meta http-equiv="Content-Type" content="text/html;charset=utf-8" />
  <meta name='ocr-system' content='tesseract 3.04.00' />
  <meta name='ocr-capabilities' content='ocr_page ocr_carea ocr_par ocr_line ocrx_word'/>
</head>
<body>
  <div class='ocr_page' id='page_1' title='image "./alexandriaphrod01bardgoog_0208.png"; bbox 0 0 2758 4790; ppageno 0'>
   <div class='ocr_carea' id='block_1_1' title="bbox 48 3929 71 3960">
    <p class='ocr_par' dir='ltr' id='par_1_1' title="bbox 48 3929 71 3960">
     <span class='ocr_line' id='line_1_1' title="bbox 48 3929 71 3960; baseline 0 0"><span class='ocrx_word' id='word_1_1' title='bbox 48 3929 71 3960; x_wconf 58' lang='grc' dir='ltr'>Χ</span> 
     </span>
    </p>
   </div>
   <div class='ocr_carea' id='block_1_2' title="bbox 995 427 1112 492">
    <p class='ocr_par' dir='ltr' id='par_1_2' title="bbox 995 427 1112 492">
     <span class='ocr_line' id='line_1_2' title="bbox 995 427 1112 492; baseline 0.017 -3"><span class='ocrx_word' id='word_1_2' title='bbox 995 427 1007 456; x_wconf 59' lang='lat'>³</span> <span class='ocrx_word' id='word_1_3' title='bbox 1049 427 1112 492; x_wconf 72' lang='lat'><strong>193</strong></span> 
     </span>
    </p>
   </div>
   <div class='ocr_carea' id='block_1_3' title="bbox 102 581 1111 782">
    <p class='ocr_par' dir='ltr' id='par_1_3' title="bbox 102 581 1111 782">
     <span class='ocr_line' id='line_1_3' title="bbox 102 581 1109 676; baseline 0.008 -25"><span class='ocrx_word' id='word_1_4' title='bbox 102 593 237 668; x_wconf 84' lang='lat' dir='ltr'><strong>apparet</strong></span> <span class='ocrx_word' id='word_1_5' title='bbox 259 581 451 662; x_wconf 83' lang='lat' dir='ltr'><strong>differentia,</strong></span> <span class='ocrx_word' id='word_1_6' title='bbox 483 585 572 670; x_wconf 86' lang='lat' dir='ltr'><strong>quasi</strong></span> <span class='ocrx_word' id='word_1_7' title='bbox 594 586 673 656; x_wconf 78' lang='lat' dir='ltr'><strong>ortis</strong></span> <span class='ocrx_word' id='word_1_8' title='bbox 699 587 759 654; x_wconf 87' lang='lat' dir='ltr'><strong>illis</strong></span> <span class='ocrx_word' id='word_1_9' title='bbox 782 611 824 656; x_wconf 74' lang='lat' dir='ltr'><strong>ex</strong></span> <span class='ocrx_word' id='word_1_10' title='bbox 846 591 1005 676; x_wconf 84' lang='lat' dir='ltr'><strong>principio</strong></span> <span class='ocrx_word' id='word_1_11' title='bbox 1033 593 1109 659; x_wconf 86' lang='lat' dir='ltr'><strong>alio.</strong></span> 
     </span>
     <span class='ocr_line' id='line_1_4' title="bbox 103 687 1111 782; baseline 0.013 -31"><span class='ocrx_word' id='word_1_12' title='bbox 103 688 228 752; x_wconf 87' lang='lat' dir='ltr'><strong>Deinde</strong></span> <span class='ocrx_word' id='word_1_13' title='bbox 248 709 288 749; x_wconf 89' lang='lat' dir='ltr'><strong>ne</strong></span> <span class='ocrx_word' id='word_1_14' title='bbox 304 687 356 750; x_wconf 90' lang='lat' dir='ltr'><strong>hie</strong></span> <span class='ocrx_word' id='word_1_15' title='bbox 374 687 499 770; x_wconf 86' lang='lat' dir='ltr'><strong>quidem</strong></span> <span class='ocrx_word' id='word_1_16' title='bbox 522 690 625 752; x_wconf 89' lang='lat' dir='ltr'><strong>omitti</strong></span> <span class='ocrx_word' id='word_1_17' title='bbox 644 693 757 757; x_wconf 90' lang='lat' dir='ltr'><strong>debent</strong></span> <span class='ocrx_word' id='word_1_18' title='bbox 774 694 867 758; x_wconf 87' lang='lat' dir='ltr'><strong>animi</strong></span> <span class='ocrx_word' id='word_1_19' title='bbox 883 697 1111 782; x_wconf 70' lang='lat' dir='ltr'>repugnantiae</span> 
     </span>
    </p>
   </div>
   <div class='ocr_carea' id='block_1_4' title="bbox 104 790 1227 880">
    <p class='ocr_par' dir='ltr' id='par_1_4' title="bbox 104 790 1227 880">
     <span class='ocr_line' id='line_1_5' title="bbox 104 790 1227 880; baseline 0.008 -27"><span class='ocrx_word' id='word_1_20' title='bbox 104 803 217 854; x_wconf 87' lang='lat' dir='ltr'><strong>eontra</strong></span> <span class='ocrx_word' id='word_1_21' title='bbox 237 790 384 871; x_wconf 89' lang='lat' dir='ltr'><strong>eorporis</strong></span> <span class='ocrx_word' id='word_1_22' title='bbox 400 803 679 871; x_wconf 78' lang='lat' dir='ltr'><strong>temperamentum</strong></span> <span class='ocrx_word' id='word_1_23' title='bbox 699 808 730 857; x_wconf 91' lang='lat' dir='ltr'><strong>et</strong></span> <span class='ocrx_word' id='word_1_24' title='bbox 746 797 943 878; x_wconf 88' lang='lat' dir='ltr'><strong>cupiditates.</strong></span> <span class='ocrx_word' id='word_1_25' title='bbox 975 800 1109 880; x_wconf 73' lang='lat' dir='ltr'><strong>Quodsi,</strong></span> <span class='ocrx_word' id='word_1_26' title='bbox 1217 835 1227 856; x_wconf 90' lang='lat'><strong>·</strong></span> 
     </span>
    </p>
   </div>
   <div class='ocr_carea' id='block_1_5' title="bbox 103 893 1161 1400">
    <p class='ocr_par' dir='ltr' id='par_1_5' title="bbox 103 893 1161 1400">
     <span class='ocr_line' id='line_1_6' title="bbox 105 893 1112 982; baseline 0.008 -26"><span class='ocrx_word' id='word_1_27' title='bbox 105 895 179 978; x_wconf 85' lang='lat' dir='ltr'><strong>quia</strong></span> <span class='ocrx_word' id='word_1_28' title='bbox 208 906 280 956; x_wconf 91' lang='lat' dir='ltr'><strong>sunt</strong></span> <span class='ocrx_word' id='word_1_29' title='bbox 308 893 361 978; x_wconf 89' lang='lat' dir='ltr'><strong>qui</strong></span> <span class='ocrx_word' id='word_1_30' title='bbox 387 905 531 975; x_wconf 78' lang='lat' dir='ltr'><strong>spectato</strong></span> <span class='ocrx_word' id='word_1_31' title='bbox 556 895 714 958; x_wconf 87' lang='lat' dir='ltr'><strong>astrorum</strong></span> <span class='ocrx_word' id='word_1_32' title='bbox 735 900 902 982; x_wconf 85' lang='lat' dir='ltr'><strong>positude</strong></span> <span class='ocrx_word' id='word_1_33' title='bbox 931 903 1025 964; x_wconf 90' lang='lat' dir='ltr'><strong>rebus</strong></span> <span class='ocrx_word' id='word_1_34' title='bbox 1049 902 1112 967; x_wconf 89' lang='lat' dir='ltr'><strong>sin-</strong></span> 
     </span>
     <span class='ocr_line' id='line_1_7' title="bbox 104 980 1112 1089; baseline 0.006 -27"><span class='ocrx_word' id='word_1_35' title='bbox 104 997 187 1082; x_wconf 85' lang='lat' dir='ltr'><strong>gulis</strong></span> <span class='ocrx_word' id='word_1_36' title='bbox 209 989 323 1060; x_wconf 81' lang='lat' dir='ltr'><strong>futura</strong></span> <span class='ocrx_word' id='word_1_37' title='bbox 337 994 540 1088; x_wconf 84' lang='lat' dir='ltr'><strong>praedicunt,</strong></span> <span class='ocrx_word' id='word_1_38' title='bbox 564 997 636 1061; x_wconf 92' lang='lat' dir='ltr'><strong>ideo</strong></span> <span class='ocrx_word' id='word_1_39' title='bbox 653 1019 689 1060; x_wconf 86' lang='lat' dir='ltr'><strong>ea</strong></span> <span class='ocrx_word' id='word_1_40' title='bbox 711 1003 750 1062; x_wconf 88' lang='lat' dir='ltr'><strong>ab</strong></span> <span class='ocrx_word' id='word_1_41' title='bbox 774 1002 864 1066; x_wconf 89' lang='lat' dir='ltr'><strong>astris</strong></span> <span class='ocrx_word' id='word_1_42' title='bbox 884 1003 965 1067; x_wconf 87' lang='lat' dir='ltr'><strong>effici</strong></span> <span class='ocrx_word' id='word_1_43' title='bbox 981 980 1112 1089; x_wconf 55' lang='lat' dir='ltr'><strong>eredanq</strong></span> 
     </span>
     <span class='ocr_line' id='line_1_8' title="bbox 103 1099 1113 1184; baseline 0.009 -20"><span class='ocrx_word' id='word_1_44' title='bbox 103 1113 173 1177; x_wconf 90' lang='lat' dir='ltr'><strong>tur,</strong></span> <span class='ocrx_word' id='word_1_45' title='bbox 205 1100 336 1183; x_wconf 79' lang='lat' dir='ltr'><strong>perinde</strong></span> <span class='ocrx_word' id='word_1_46' title='bbox 359 1101 399 1162; x_wconf 92' lang='lat' dir='ltr'><strong>sit</strong></span> <span class='ocrx_word' id='word_1_47' title='bbox 422 1099 515 1184; x_wconf 52' lang='lat' dir='ltr'><strong>*quasi</strong></span> <span class='ocrx_word' id='word_1_48' title='bbox 540 1121 614 1163; x_wconf 89' lang='lat' dir='ltr'><strong>aves</strong></span> <span class='ocrx_word' id='word_1_49' title='bbox 641 1102 777 1165; x_wconf 89' lang='lat' dir='ltr'><strong>dieamus</strong></span> <span class='ocrx_word' id='word_1_50' title='bbox 801 1105 976 1170; x_wconf 85' lang='lat' dir='ltr'><strong>effectrices</strong></span> <span class='ocrx_word' id='word_1_51' title='bbox 1000 1129 1113 1173; x_wconf 83' lang='lat' dir='ltr'><strong>eorum</strong></span> 
     </span>
     <span class='ocr_line' id='line_1_9' title="bbox 104 1189 1113 1289; baseline 0.012 -23"><span class='ocrx_word' id='word_1_52' title='bbox 104 1189 184 1289; x_wconf 83' lang='lat' dir='ltr'><strong>quae</strong></span> <span class='ocrx_word' id='word_1_53' title='bbox 218 1202 412 1288; x_wconf 77' lang='lat' dir='ltr'><strong>significant,</strong></span> <span class='ocrx_word' id='word_1_54' title='bbox 452 1214 483 1264; x_wconf 90' lang='lat' dir='ltr'><strong>et</strong></span> <span class='ocrx_word' id='word_1_55' title='bbox 521 1224 571 1266; x_wconf 88' lang='lat' dir='ltr'><strong>res</strong></span> <span class='ocrx_word' id='word_1_56' title='bbox 606 1205 680 1268; x_wconf 85' lang='lat' dir='ltr'><strong>alias</strong></span> <span class='ocrx_word' id='word_1_57' title='bbox 711 1227 787 1288; x_wconf 88' lang='lat' dir='ltr'><strong>quas</strong></span> <span class='ocrx_word' id='word_1_58' title='bbox 818 1208 977 1288; x_wconf 81' lang='lat' dir='ltr'><strong>respicere</strong></span> <span class='ocrx_word' id='word_1_59' title='bbox 1006 1211 1113 1278; x_wconf 82' lang='lat' dir='ltr'><strong>solent</strong></span> 
     </span>
     <span class='ocr_line' id='line_1_10' title="bbox 103 1305 1161 1400; baseline 0.007 -30"><span class='ocrx_word' id='word_1_60' title='bbox 103 1307 293 1370; x_wconf 82' lang='lat' dir='ltr'><strong>divinantes.</strong></span> <span class='ocrx_word' id='word_1_61' title='bbox 352 1307 476 1370; x_wconf 88' lang='lat' dir='ltr'><strong>Verum</strong></span> <span class='ocrx_word' id='word_1_62' title='bbox 503 1305 594 1368; x_wconf 79' lang='lat' dir='ltr'><strong>etiam</strong></span> <span class='ocrx_word' id='word_1_63' title='bbox 619 1307 753 1389; x_wconf 88' lang='lat' dir='ltr'><strong>propius</strong></span> <span class='ocrx_word' id='word_1_64' title='bbox 777 1309 1004 1400; x_wconf 81' lang='lat' dir='ltr'><strong>eonsideranda</strong></span> <span class='ocrx_word' id='word_1_65' title='bbox 1026 1326 1109 1389; x_wconf 84' lang='lat' dir='ltr'><strong>suut,</strong></span> <span class='ocrx_word' id='word_1_66' title='bbox 1159 1357 1161 1360; x_wconf 94' lang='lat'>-</span> 
     </span>
    </p>
   </div>
   <div class='ocr_carea' id='block_1_6' title="bbox 104 1408 1220 1500">
    <p class='ocr_par' dir='ltr' id='par_1_6' title="bbox 104 1408 1220 1500">
     <span class='ocr_line' id='line_1_11' title="bbox 104 1408 1220 1500; baseline 0.01 -29"><span class='ocrx_word' id='word_1_67' title='bbox 104 1430 258 1492; x_wconf 84' lang='lat' dir='ltr'><strong>quaenam</strong></span> <span class='ocrx_word' id='word_1_68' title='bbox 277 1431 315 1472; x_wconf 88' lang='lat' dir='ltr'><strong>ea</strong></span> <span class='ocrx_word' id='word_1_69' title='bbox 341 1408 401 1471; x_wconf 87' lang='lat' dir='ltr'><strong>sint</strong></span> <span class='ocrx_word' id='word_1_70' title='bbox 423 1430 503 1492; x_wconf 88' lang='lat' dir='ltr'><strong>quae</strong></span> <span class='ocrx_word' id='word_1_71' title='bbox 524 1409 664 1491; x_wconf 83' lang='lat' dir='ltr'><strong>praedici</strong></span> <span class='ocrx_word' id='word_1_72' title='bbox 687 1412 791 1477; x_wconf 91' lang='lat' dir='ltr'><strong>solent</strong></span> <span class='ocrx_word' id='word_1_73' title='bbox 813 1433 854 1474; x_wconf 85' lang='lat' dir='ltr'><strong>ex</strong></span> <span class='ocrx_word' id='word_1_74' title='bbox 873 1425 1031 1482; x_wconf 80' lang='lat' dir='ltr'><strong>astrorum</strong></span> <span class='ocrx_word' id='word_1_75' title='bbox 1051 1438 1112 1500; x_wconf 58' lang='lat' dir='ltr'><strong>pov</strong></span> <span class='ocrx_word' id='word_1_76' title='bbox 1212 1411 1220 1424; x_wconf 74' lang='lat'><strong><em>‘</em></strong></span> 
     </span>
    </p>
   </div>
   <div class='ocr_carea' id='block_1_7' title="bbox 102 1511 1132 2228">
    <p class='ocr_par' dir='ltr' id='par_1_7' title="bbox 102 1511 1132 2228">
     <span class='ocr_line' id='line_1_12' title="bbox 103 1511 1112 1600; baseline 0.012 -24"><span class='ocrx_word' id='word_1_77' title='bbox 103 1511 166 1576; x_wconf 88' lang='lat' dir='ltr'><strong>situ</strong></span> <span class='ocrx_word' id='word_1_78' title='bbox 192 1533 256 1594; x_wconf 92' lang='lat' dir='ltr'><strong>quo</strong></span> <span class='ocrx_word' id='word_1_79' title='bbox 275 1511 408 1595; x_wconf 87' lang='lat' dir='ltr'><strong>quisque</strong></span> <span class='ocrx_word' id='word_1_80' title='bbox 433 1523 524 1574; x_wconf 90' lang='lat' dir='ltr'><strong>natus</strong></span> <span class='ocrx_word' id='word_1_81' title='bbox 547 1524 595 1574; x_wconf 90' lang='lat' dir='ltr'><strong>est</strong></span> <span class='ocrx_word' id='word_1_82' title='bbox 615 1525 780 1595; x_wconf 84' lang='lat' dir='ltr'><strong>tempore,</strong></span> <span class='ocrx_word' id='word_1_83' title='bbox 805 1535 947 1600; x_wconf 90' lang='lat' dir='ltr'><strong>quaeque</strong></span> <span class='ocrx_word' id='word_1_84' title='bbox 969 1519 1112 1588; x_wconf 81' lang='lat' dir='ltr'><strong>nonnulli</strong></span> 
     </span>
     <span class='ocr_line' id='line_1_13' title="bbox 102 1615 1109 1704; baseline 0.009 -27"><span class='ocrx_word' id='word_1_85' title='bbox 102 1626 217 1704; x_wconf 84' lang='lat' dir='ltr'><strong>putant</strong></span> <span class='ocrx_word' id='word_1_86' title='bbox 248 1636 265 1678; x_wconf 87' lang='lat' dir='ltr'><strong>a</strong></span> <span class='ocrx_word' id='word_1_87' title='bbox 297 1615 450 1681; x_wconf 86' lang='lat' dir='ltr'><strong>sideribus</strong></span> <span class='ocrx_word' id='word_1_88' title='bbox 475 1636 540 1678; x_wconf 90' lang='lat' dir='ltr'><strong>uon</strong></span> <span class='ocrx_word' id='word_1_89' title='bbox 568 1615 699 1680; x_wconf 88' lang='lat' dir='ltr'><strong>indicari</strong></span> <span class='ocrx_word' id='word_1_90' title='bbox 731 1629 851 1680; x_wconf 91' lang='lat' dir='ltr'><strong>tautum</strong></span> <span class='ocrx_word' id='word_1_91' title='bbox 879 1622 936 1682; x_wconf 89' lang='lat' dir='ltr'><strong>sed</strong></span> <span class='ocrx_word' id='word_1_92' title='bbox 961 1631 992 1682; x_wconf 86' lang='lat' dir='ltr'><strong>et</strong></span> <span class='ocrx_word' id='word_1_93' title='bbox 1017 1621 1109 1692; x_wconf 83' lang='lat' dir='ltr'><strong>effici.</strong></span> 
     </span>
     <span class='ocr_line' id='line_1_14' title="bbox 104 1717 1112 1803; baseline 0.008 -20"><span class='ocrx_word' id='word_1_94' title='bbox 104 1717 188 1783; x_wconf 87' lang='lat' dir='ltr'><strong>Cum</strong></span> <span class='ocrx_word' id='word_1_95' title='bbox 216 1739 296 1802; x_wconf 83' lang='lat' dir='ltr'><strong>ergo</strong></span> <span class='ocrx_word' id='word_1_96' title='bbox 325 1717 496 1780; x_wconf 83' lang='lat' dir='ltr'><strong>iudicantes</strong></span> <span class='ocrx_word' id='word_1_97' title='bbox 524 1719 562 1780; x_wconf 89' lang='lat' dir='ltr'><strong>de</strong></span> <span class='ocrx_word' id='word_1_98' title='bbox 593 1740 708 1803; x_wconf 85' lang='lat' dir='ltr'><strong>genere</strong></span> <span class='ocrx_word' id='word_1_99' title='bbox 745 1721 873 1784; x_wconf 92' lang='lat' dir='ltr'><strong>alicuius</strong></span> <span class='ocrx_word' id='word_1_100' title='bbox 907 1722 1010 1788; x_wconf 86' lang='lat' dir='ltr'><strong>dicant</strong></span> <span class='ocrx_word' id='word_1_101' title='bbox 1041 1747 1112 1791; x_wconf 87' lang='lat' dir='ltr'><strong>eum</strong></span> 
     </span>
     <span class='ocr_line' id='line_1_15' title="bbox 102 1821 1132 1910; baseline 0.004 -25"><span class='ocrx_word' id='word_1_102' title='bbox 102 1834 211 1886; x_wconf 90' lang='lat' dir='ltr'><strong>ortum</strong></span> <span class='ocrx_word' id='word_1_103' title='bbox 232 1821 399 1902; x_wconf 85' lang='lat' dir='ltr'><strong>praeclaro</strong></span> <span class='ocrx_word' id='word_1_104' title='bbox 419 1832 509 1902; x_wconf 86' lang='lat' dir='ltr'><strong>patre</strong></span> <span class='ocrx_word' id='word_1_105' title='bbox 529 1843 567 1882; x_wconf 89' lang='lat' dir='ltr'><strong>ae</strong></span> <span class='ocrx_word' id='word_1_106' title='bbox 588 1834 700 1898; x_wconf 86' lang='lat' dir='ltr'><strong>matre,</strong></span> <span class='ocrx_word' id='word_1_107' title='bbox 731 1827 892 1906; x_wconf 84' lang='lat' dir='ltr'><strong>quomodo</strong></span> <span class='ocrx_word' id='word_1_108' title='bbox 917 1826 977 1894; x_wconf 85' lang='lat' dir='ltr'><strong>dici</strong></span> <span class='ocrx_word' id='word_1_109' title='bbox 1004 1839 1112 1910; x_wconf 87' lang='lat' dir='ltr'><strong>potest</strong></span> <span class='ocrx_word' id='word_1_110' title='bbox 1130 1885 1132 1889; x_wconf 87' lang='lat'>.</span> 
     </span>
     <span class='ocr_line' id='line_1_16' title="bbox 103 1917 1110 2030; baseline 0.006 -42"><span class='ocrx_word' id='word_1_111' title='bbox 103 1947 145 1988; x_wconf 85' lang='lat' dir='ltr'><strong>ex</strong></span> <span class='ocrx_word' id='word_1_112' title='bbox 163 1934 323 2030; x_wconf 75' lang='lat' dir='ltr'><strong>astrorum</strong></span> <span class='ocrx_word' id='word_1_113' title='bbox 345 1924 506 2004; x_wconf 87' lang='lat' dir='ltr'><strong>positura,</strong></span> <span class='ocrx_word' id='word_1_114' title='bbox 530 1927 614 1988; x_wconf 90' lang='lat' dir='ltr'><strong>unde</strong></span> <span class='ocrx_word' id='word_1_115' title='bbox 628 1925 802 2006; x_wconf 81' lang='lat' dir='ltr'><strong>praedictio</strong></span> <span class='ocrx_word' id='word_1_116' title='bbox 821 1917 951 2012; x_wconf 83' lang='lat' dir='ltr'><strong>petitur,</strong></span> <span class='ocrx_word' id='word_1_117' title='bbox 976 1928 1008 1992; x_wconf 91' lang='lat' dir='ltr'><strong>id</strong></span> <span class='ocrx_word' id='word_1_118' title='bbox 1028 1929 1110 2007; x_wconf 84' lang='lat' dir='ltr'><strong>fieri,</strong></span> 
     </span>
     <span class='ocr_line' id='line_1_17' title="bbox 103 2026 1112 2112; baseline 0.005 -22"><span class='ocrx_word' id='word_1_119' title='bbox 103 2029 193 2112; x_wconf 87' lang='lat' dir='ltr'><strong>quod</strong></span> <span class='ocrx_word' id='word_1_120' title='bbox 219 2026 279 2093; x_wconf 84' lang='lat' dir='ltr'><strong>iarn</strong></span> <span class='ocrx_word' id='word_1_121' title='bbox 303 2027 334 2090; x_wconf 91' lang='lat' dir='ltr'><strong>in</strong></span> <span class='ocrx_word' id='word_1_122' title='bbox 356 2027 539 2108; x_wconf 84' lang='lat' dir='ltr'><strong>parentibus</strong></span> <span class='ocrx_word' id='word_1_123' title='bbox 561 2027 685 2090; x_wconf 87' lang='lat' dir='ltr'><strong>inerat?</strong></span> <span class='ocrx_word' id='word_1_124' title='bbox 723 2030 846 2092; x_wconf 87' lang='lat' dir='ltr'><strong>Rursus</strong></span> <span class='ocrx_word' id='word_1_125' title='bbox 870 2051 949 2094; x_wconf 84' lang='lat' dir='ltr'><strong>vero</strong></span> <span class='ocrx_word' id='word_1_126' title='bbox 972 2032 1112 2112; x_wconf 82' lang='lat' dir='ltr'><strong>parenti-</strong></span> 
     </span>
     <span class='ocr_line' id='line_1_18' title="bbox 102 2129 1114 2228; baseline 0.001 -33"><span class='ocrx_word' id='word_1_127' title='bbox 102 2131 163 2196; x_wconf 90' lang='lat' dir='ltr'><strong>bus</strong></span> <span class='ocrx_word' id='word_1_128' title='bbox 182 2130 258 2212; x_wconf 89' lang='lat' dir='ltr'><strong>ipsis</strong></span> <span class='ocrx_word' id='word_1_129' title='bbox 280 2131 425 2194; x_wconf 84' lang='lat' dir='ltr'><strong>fortunas</strong></span> <span class='ocrx_word' id='word_1_130' title='bbox 450 2129 571 2195; x_wconf 81' lang='lat' dir='ltr'><strong>suturan</strong></span> <span class='ocrx_word' id='word_1_131' title='bbox 595 2130 626 2195; x_wconf 87' lang='lat' dir='ltr'><strong>in</strong></span> <span class='ocrx_word' id='word_1_132' title='bbox 653 2131 920 2228; x_wconf 73' lang='lat' dir='ltr'><strong>progenepatione</strong></span> <span class='ocrx_word' id='word_1_133' title='bbox 936 2133 1114 2208; x_wconf 47' lang='lat' dir='ltr'><strong>,liberorum</strong></span> 
     </span>
    </p>
   </div>
   <div class='ocr_carea' id='block_1_8' title="bbox 17 2233 1114 2420">
    <p class='ocr_par' dir='ltr' id='par_1_8' title="bbox 17 2233 1114 2420">
     <span class='ocr_line' id='line_1_19' title="bbox 17 2233 1114 2320; baseline 0.004 -22"><span class='ocrx_word' id='word_1_134' title='bbox 17 2263 20 2268; x_wconf 43' lang='lat'><em>¹</em></span> <span class='ocrx_word' id='word_1_135' title='bbox 103 2245 136 2298; x_wconf 89' lang='lat' dir='ltr'><strong>et</strong></span> <span class='ocrx_word' id='word_1_136' title='bbox 157 2235 267 2317; x_wconf 88' lang='lat' dir='ltr'><strong>quales</strong></span> <span class='ocrx_word' id='word_1_137' title='bbox 290 2233 390 2297; x_wconf 86' lang='lat' dir='ltr'><strong>futuri</strong></span> <span class='ocrx_word' id='word_1_138' title='bbox 408 2233 468 2295; x_wconf 90' lang='lat' dir='ltr'><strong>sint</strong></span> <span class='ocrx_word' id='word_1_139' title='bbox 483 2245 633 2307; x_wconf 16' lang='lat' dir='ltr'><strong>*natorum</strong></span> <span class='ocrx_word' id='word_1_140' title='bbox 658 2235 809 2310; x_wconf 81' lang='lat' dir='ltr'><strong>allectus,</strong></span> <span class='ocrx_word' id='word_1_141' title='bbox 832 2247 864 2299; x_wconf 87' lang='lat' dir='ltr'><strong>et</strong></span> <span class='ocrx_word' id='word_1_142' title='bbox 883 2257 960 2320; x_wconf 87' lang='lat' dir='ltr'><strong>quas</strong></span> <span class='ocrx_word' id='word_1_143' title='bbox 975 2237 1114 2302; x_wconf 81' lang='lat' dir='ltr'><strong>habituri</strong></span> 
     </span>
     <span class='ocr_line' id='line_1_20' title="bbox 95 2331 1114 2420; baseline 0.011 -25"><span class='ocrx_word' id='word_1_144' title='bbox 95 2337 169 2402; x_wconf 85' lang='lat' dir='ltr'><strong>¹sint</strong></span> <span class='ocrx_word' id='word_1_145' title='bbox 189 2338 334 2402; x_wconf 75' lang='lat' dir='ltr'><strong>fortunas</strong></span> <span class='ocrx_word' id='word_1_146' title='bbox 358 2337 495 2401; x_wconf 90' lang='lat' dir='ltr'><strong>nondum</strong></span> <span class='ocrx_word' id='word_1_147' title='bbox 522 2337 595 2410; x_wconf 81' lang='lat' dir='ltr'><strong>satis</strong></span> <span class='ocrx_word' id='word_1_148' title='bbox 618 2337 678 2402; x_wconf 87' lang='lat' dir='ltr'><strong>illis</strong></span> <span class='ocrx_word' id='word_1_149' title='bbox 701 2331 831 2418; x_wconf 84' lang='lat' dir='ltr'><strong>liberis,</strong></span> <span class='ocrx_word' id='word_1_150' title='bbox 863 2340 1047 2420; x_wconf 87' lang='lat' dir='ltr'><strong>praedicunt</strong></span> <span class='ocrx_word' id='word_1_151' title='bbox 1072 2363 1114 2406; x_wconf 81' lang='lat' dir='ltr'><strong>ex</strong></span> 
     </span>
    </p>
   </div>
   <div class='ocr_carea' id='block_1_9' title="bbox 102 2436 1155 2632">
    <p class='ocr_par' dir='ltr' id='par_1_9' title="bbox 102 2436 1155 2632">
     <span class='ocr_line' id='line_1_21' title="bbox 102 2436 1155 2526; baseline 0.001 -21"><span class='ocrx_word' id='word_1_152' title='bbox 102 2441 250 2526; x_wconf 82' lang='lat' dir='ltr'><strong>paternis·</strong></span> <span class='ocrx_word' id='word_1_153' title='bbox 261 2438 429 2508; x_wconf 85' lang='lat' dir='ltr'><strong>sideribus.</strong></span> <span class='ocrx_word' id='word_1_154' title='bbox 473 2441 544 2504; x_wconf 90' lang='lat' dir='ltr'><strong>Imo</strong></span> <span class='ocrx_word' id='word_1_155' title='bbox 567 2451 597 2500; x_wconf 88' lang='lat' dir='ltr'><strong>et</strong></span> <span class='ocrx_word' id='word_1_156' title='bbox 618 2460 659 2500; x_wconf 82' lang='lat' dir='ltr'><strong>ex</strong></span> <span class='ocrx_word' id='word_1_157' title='bbox 679 2440 813 2506; x_wconf 84' lang='lat' dir='ltr'><strong>fratrum</strong></span> <span class='ocrx_word' id='word_1_158' title='bbox 841 2442 996 2508; x_wconf 75' lang='lat' dir='ltr'><strong>sideribus</strong></span> <span class='ocrx_word' id='word_1_159' title='bbox 1025 2466 1112 2507; x_wconf 82' lang='lat' dir='ltr'><strong>mor·</strong></span> <span class='ocrx_word' id='word_1_160' title='bbox 1142 2436 1155 2514; x_wconf 67' lang='lat'><strong>,&#39;</strong></span> 
     </span>
     <span class='ocr_line' id='line_1_22' title="bbox 104 2529 1113 2632; baseline 0.005 -25"><span class='ocrx_word' id='word_1_161' title='bbox 104 2557 152 2614; x_wconf 87' lang='lat' dir='ltr'><strong>tes</strong></span> <span class='ocrx_word' id='word_1_162' title='bbox 174 2529 322 2632; x_wconf 73' lang='lat' dir='ltr'><strong>patruni,</strong></span> <span class='ocrx_word' id='word_1_163' title='bbox 356 2565 399 2606; x_wconf 81' lang='lat' dir='ltr'><strong>ex</strong></span> <span class='ocrx_word' id='word_1_164' title='bbox 420 2541 583 2608; x_wconf 83' lang='lat' dir='ltr'><strong>mulierum</strong></span> <span class='ocrx_word' id='word_1_165' title='bbox 605 2541 760 2606; x_wconf 85' lang='lat' dir='ltr'><strong>sideribus</strong></span> <span class='ocrx_word' id='word_1_166' title='bbox 783 2555 900 2608; x_wconf 83' lang='lat' dir='ltr'><strong>mortes</strong></span> <span class='ocrx_word' id='word_1_167' title='bbox 927 2545 1113 2613; x_wconf 86' lang='lat' dir='ltr'><strong>maritorum</strong></span> 
     </span>
    </p>
   </div>
   <div class='ocr_carea' id='block_1_10' title="bbox 9 2635 1113 2742">
    <p class='ocr_par' dir='ltr' id='par_1_10' title="bbox 9 2635 1113 2742">
     <span class='ocr_line' id='line_1_23' title="bbox 9 2635 1113 2742; baseline 0.002 -32"><span class='ocrx_word' id='word_1_168' title='bbox 9 2675 11 2696; x_wconf 88' lang='lat'><em>·</em></span> <span class='ocrx_word' id='word_1_169' title='bbox 106 2659 139 2714; x_wconf 86' lang='lat' dir='ltr'><strong>et</strong></span> <span class='ocrx_word' id='word_1_170' title='bbox 159 2647 230 2711; x_wconf 84' lang='lat' dir='ltr'><strong>viee</strong></span> <span class='ocrx_word' id='word_1_171' title='bbox 256 2661 362 2712; x_wconf 79' lang='lat' dir='ltr'><strong>verse.</strong></span> <span class='ocrx_word' id='word_1_172' title='bbox 408 2635 581 2727; x_wconf 82' lang='lat' dir='ltr'><strong>Quomodo</strong></span> <span class='ocrx_word' id='word_1_173' title='bbox 602 2665 683 2731; x_wconf 82' lang='lat' dir='ltr'><strong>ergo</strong></span> <span class='ocrx_word' id='word_1_174' title='bbox 707 2647 866 2713; x_wconf 86' lang='lat' dir='ltr'><strong>stellarum</strong></span> <span class='ocrx_word' id='word_1_175' title='bbox 891 2648 976 2712; x_wconf 87' lang='lat' dir='ltr'><strong>eirca</strong></span> <span class='ocrx_word' id='word_1_176' title='bbox 1001 2639 1113 2742; x_wconf 70' lang='lat' dir='ltr'><strong>unum-¹</strong></span> 
     </span>
    </p>
   </div>
   <div class='ocr_carea' id='block_1_11' title="bbox 103 2746 1152 3765">
    <p class='ocr_par' dir='ltr' id='par_1_11' title="bbox 103 2746 1114 3042">
     <span class='ocr_line' id='line_1_24' title="bbox 105 2746 1114 2838; baseline 0.006 -25"><span class='ocrx_word' id='word_1_177' title='bbox 105 2746 264 2838; x_wconf 71' lang='lat' dir='ltr'><strong>quemque</strong></span> <span class='ocrx_word' id='word_1_178' title='bbox 289 2761 468 2832; x_wconf 82' lang='lat' dir='ltr'><strong>nascentem</strong></span> <span class='ocrx_word' id='word_1_179' title='bbox 492 2749 636 2831; x_wconf 86' lang='lat' dir='ltr'><strong>positura</strong></span> <span class='ocrx_word' id='word_1_180' title='bbox 664 2749 697 2818; x_wconf 82' lang='lat' dir='ltr'><strong>id</strong></span> <span class='ocrx_word' id='word_1_181' title='bbox 721 2751 854 2827; x_wconf 69' lang='lat' dir='ltr'><strong>effinse,</strong></span> <span class='ocrx_word' id='word_1_182' title='bbox 879 2751 1049 2835; x_wconf 85' lang='lat' dir='ltr'><strong>quodiam</strong></span> <span class='ocrx_word' id='word_1_183' title='bbox 1072 2775 1114 2819; x_wconf 77' lang='lat' dir='ltr'><strong>ex</strong></span> 
     </span>
     <span class='ocr_line' id='line_1_25' title="bbox 103 2850 1113 2938; baseline 0.001 -20"><span class='ocrx_word' id='word_1_184' title='bbox 103 2855 249 2938; x_wconf 81' lang='lat' dir='ltr'><strong>patribus</strong></span> <span class='ocrx_word' id='word_1_185' title='bbox 282 2865 371 2924; x_wconf 80' lang='lat' dir='ltr'><strong>eraut</strong></span> <span class='ocrx_word' id='word_1_186' title='bbox 400 2850 567 2926; x_wconf 75' lang='lat' dir='ltr'><strong>habituri?</strong></span> <span class='ocrx_word' id='word_1_187' title='bbox 603 2853 686 2916; x_wconf 82' lang='lat' dir='ltr'><strong>Nam</strong></span> <span class='ocrx_word' id='word_1_188' title='bbox 715 2865 768 2918; x_wconf 87' lang='lat' dir='ltr'><strong>aut</strong></span> <span class='ocrx_word' id='word_1_189' title='bbox 798 2853 853 2922; x_wconf 85' lang='lat' dir='ltr'><strong>illa</strong></span> <span class='ocrx_word' id='word_1_190' title='bbox 879 2855 989 2936; x_wconf 82' lang='lat' dir='ltr'><strong>priora</strong></span> <span class='ocrx_word' id='word_1_191' title='bbox 1020 2867 1113 2921; x_wconf 85' lang='lat' dir='ltr'><strong>eruut</strong></span> 
     </span>
     <span class='ocr_line' id='line_1_26' title="bbox 106 2955 1110 3042; baseline 0.005 -21"><span class='ocrx_word' id='word_1_192' title='bbox 106 2979 188 3042; x_wconf 82' lang='lat' dir='ltr'><strong>quae</strong></span> <span class='ocrx_word' id='word_1_193' title='bbox 219 2957 252 3022; x_wconf 90' lang='lat' dir='ltr'><strong>id</strong></span> <span class='ocrx_word' id='word_1_194' title='bbox 277 2956 429 3033; x_wconf 84' lang='lat' dir='ltr'><strong>efficiunt,</strong></span> <span class='ocrx_word' id='word_1_195' title='bbox 478 2967 531 3022; x_wconf 85' lang='lat' dir='ltr'><strong>aut</strong></span> <span class='ocrx_word' id='word_1_196' title='bbox 556 2955 764 3038; x_wconf 79' lang='lat' dir='ltr'><strong>sinendis,</strong></span> <span class='ocrx_word' id='word_1_197' title='bbox 799 2977 839 3018; x_wconf 91' lang='lat' dir='ltr'><strong>ne</strong></span> <span class='ocrx_word' id='word_1_198' title='bbox 866 2957 946 3022; x_wconf 84' lang='lat' dir='ltr'><strong>haee</strong></span> <span class='ocrx_word' id='word_1_199' title='bbox 972 2958 1110 3042; x_wconf 74' lang='lat' dir='ltr'><strong>quidem.</strong></span> 
     </span>
    </p>

    <p class='ocr_par' dir='ltr' id='par_1_12' title="bbox 104 3041 1152 3765">
     <span class='ocr_line' id='line_1_27' title="bbox 105 3041 1152 3144; baseline -0.002 -18"><span class='ocrx_word' id='word_1_200' title='bbox 105 3061 282 3126; x_wconf 88' lang='lat' dir='ltr'><strong>Praeterea</strong></span> <span class='ocrx_word' id='word_1_201' title='bbox 310 3060 477 3124; x_wconf 89' lang='lat' dir='ltr'><strong>similitudo</strong></span> <span class='ocrx_word' id='word_1_202' title='bbox 506 3060 537 3122; x_wconf 92' lang='lat' dir='ltr'><strong>in</strong></span> <span class='ocrx_word' id='word_1_203' title='bbox 562 3058 679 3130; x_wconf 78' lang='lat' dir='ltr'><strong>dormis</strong></span> <span class='ocrx_word' id='word_1_204' title='bbox 703 3051 795 3142; x_wconf 79' lang='lat' dir='ltr'><strong>quam</strong></span> <span class='ocrx_word' id='word_1_205' title='bbox 817 3059 882 3126; x_wconf 79' lang='lat' dir='ltr'><strong>nati</strong></span> <span class='ocrx_word' id='word_1_206' title='bbox 904 3081 974 3124; x_wconf 86' lang='lat' dir='ltr'><strong>eum</strong></span> <span class='ocrx_word' id='word_1_207' title='bbox 997 3082 1111 3144; x_wconf 81' lang='lat' dir='ltr'><strong>pareu-</strong></span> <span class='ocrx_word' id='word_1_208' title='bbox 1149 3041 1152 3051; x_wconf 43' lang='lat'>¹</span> 
     </span>
     <span class='ocr_line' id='line_1_28' title="bbox 105 3143 1112 3243; baseline -0.001 -17"><span class='ocrx_word' id='word_1_209' title='bbox 105 3164 191 3226; x_wconf 90' lang='lat' dir='ltr'><strong>tibus</strong></span> <span class='ocrx_word' id='word_1_210' title='bbox 220 3165 353 3238; x_wconf 83' lang='lat' dir='ltr'><strong>habent,</strong></span> <span class='ocrx_word' id='word_1_211' title='bbox 391 3163 527 3226; x_wconf 84' lang='lat' dir='ltr'><strong>ostendit</strong></span> <span class='ocrx_word' id='word_1_212' title='bbox 556 3143 600 3228; x_wconf 66' lang='lat' dir='ltr'><strong>et¹</strong></span> <span class='ocrx_word' id='word_1_213' title='bbox 615 3161 879 3243; x_wconf 81' lang='lat' dir='ltr'><strong>pulchritudinem</strong></span> <span class='ocrx_word' id='word_1_214' title='bbox 907 3174 939 3225; x_wconf 90' lang='lat' dir='ltr'><strong>et</strong></span> <span class='ocrx_word' id='word_1_215' title='bbox 962 3163 1112 3226; x_wconf 83' lang='lat' dir='ltr'><strong>deformi·</strong></span> 
     </span>
     <span class='ocr_line' id='line_1_29' title="bbox 105 3262 1113 3351; baseline -0.003 -19"><span class='ocrx_word' id='word_1_216' title='bbox 105 3279 204 3334; x_wconf 85' lang='lat' dir='ltr'><strong>tatem</strong></span> <span class='ocrx_word' id='word_1_217' title='bbox 232 3284 283 3328; x_wconf 80' lang='lat' dir='ltr'><strong>ex·</strong></span> <span class='ocrx_word' id='word_1_218' title='bbox 304 3265 435 3351; x_wconf 86' lang='lat' dir='ltr'><strong>propria</strong></span> <span class='ocrx_word' id='word_1_219' title='bbox 469 3265 576 3331; x_wconf 80' lang='lat' dir='ltr'><strong>venire</strong></span> <span class='ocrx_word' id='word_1_220' title='bbox 607 3265 753 3350; x_wconf 82' lang='lat' dir='ltr'><strong>origine,</strong></span> <span class='ocrx_word' id='word_1_221' title='bbox 778 3262 781 3266; x_wconf 72' lang='grc'><strong>’</strong></span> <span class='ocrx_word' id='word_1_222' title='bbox 802 3287 868 3332; x_wconf 88' lang='lat' dir='ltr'><strong>nou</strong></span> <span class='ocrx_word' id='word_1_223' title='bbox 902 3286 919 3328; x_wconf 90' lang='lat' dir='ltr'><strong>e</strong></span> <span class='ocrx_word' id='word_1_224' title='bbox 951 3266 1113 3330; x_wconf 81' lang='lat' dir='ltr'><strong>stellarum</strong></span> 
     </span>
     <span class='ocr_line' id='line_1_30' title="bbox 104 3366 1111 3450; baseline 0.001 -18"><span class='ocrx_word' id='word_1_225' title='bbox 104 3385 216 3434; x_wconf 79' lang='lat' dir='ltr'><strong>eursu.</strong></span> <span class='ocrx_word' id='word_1_226' title='bbox 262 3369 313 3434; x_wconf 86' lang='lat' dir='ltr'><strong>Ae</strong></span> <span class='ocrx_word' id='word_1_227' title='bbox 334 3366 484 3438; x_wconf 83' lang='lat' dir='ltr'><strong>credibile</strong></span> <span class='ocrx_word' id='word_1_228' title='bbox 507 3381 555 3436; x_wconf 85' lang='lat' dir='ltr'><strong>est</strong></span> <span class='ocrx_word' id='word_1_229' title='bbox 568 3369 685 3444; x_wconf 14' lang='lat' dir='ltr'><strong>*iisdem</strong></span> <span class='ocrx_word' id='word_1_230' title='bbox 712 3368 909 3450; x_wconf 85' lang='lat' dir='ltr'><strong>temporibus</strong></span> <span class='ocrx_word' id='word_1_231' title='bbox 939 3369 1035 3432; x_wconf 85' lang='lat' dir='ltr'><strong>multa</strong></span> <span class='ocrx_word' id='word_1_232' title='bbox 1069 3367 1111 3434; x_wconf 87' lang='lat' dir='ltr'><strong>si·</strong></span> 
     </span>
     <span class='ocr_line' id='line_1_31' title="bbox 106 3470 1110 3557; baseline 0.004 -21"><span class='ocrx_word' id='word_1_233' title='bbox 106 3473 173 3546; x_wconf 79' lang='lat' dir='ltr'><strong>mul</strong></span> <span class='ocrx_word' id='word_1_234' title='bbox 202 3470 388 3548; x_wconf 86' lang='lat' dir='ltr'><strong>animantia,</strong></span> <span class='ocrx_word' id='word_1_235' title='bbox 421 3472 536 3538; x_wconf 89' lang='lat' dir='ltr'><strong>multos</strong></span> <span class='ocrx_word' id='word_1_236' title='bbox 558 3471 650 3536; x_wconf 89' lang='lat' dir='ltr'><strong>simul</strong></span> <span class='ocrx_word' id='word_1_237' title='bbox 677 3472 819 3536; x_wconf 87' lang='lat' dir='ltr'><strong>homines</strong></span> <span class='ocrx_word' id='word_1_238' title='bbox 851 3470 960 3557; x_wconf 84' lang='lat' dir='ltr'><strong>gigni,</strong></span> <span class='ocrx_word' id='word_1_239' title='bbox 997 3471 1110 3556; x_wconf 79' lang='lat' dir='ltr'><strong>quibus</strong></span> 
     </span>
     <span class='ocr_line' id='line_1_32' title="bbox 106 3574 1113 3660; baseline -0.002 -18"><span class='ocrx_word' id='word_1_240' title='bbox 106 3575 255 3644; x_wconf 88' lang='lat' dir='ltr'><strong>omnibus</strong></span> <span class='ocrx_word' id='word_1_241' title='bbox 285 3574 390 3638; x_wconf 88' lang='lat' dir='ltr'><strong>omnia</strong></span> <span class='ocrx_word' id='word_1_242' title='bbox 422 3575 574 3660; x_wconf 80' lang='lat' dir='ltr'><strong>deberent</strong></span> <span class='ocrx_word' id='word_1_243' title='bbox 601 3575 728 3646; x_wconf 84' lang='lat' dir='ltr'><strong>evenire</strong></span> <span class='ocrx_word' id='word_1_244' title='bbox 760 3577 888 3650; x_wconf 84' lang='lat' dir='ltr'><strong>eadem,</strong></span> <span class='ocrx_word' id='word_1_245' title='bbox 928 3595 998 3639; x_wconf 88' lang='lat' dir='ltr'><strong>eum</strong></span> <span class='ocrx_word' id='word_1_246' title='bbox 1031 3576 1113 3644; x_wconf 84' lang='lat' dir='ltr'><strong>idem</strong></span> 
     </span>
     <span class='ocr_line' id='line_1_33' title="bbox 104 3677 1112 3765; baseline -0.001 -21"><span class='ocrx_word' id='word_1_247' title='bbox 104 3679 203 3752; x_wconf 78' lang='lat' dir='ltr'><strong>fuerit</strong></span> <span class='ocrx_word' id='word_1_248' title='bbox 232 3679 311 3742; x_wconf 84' lang='lat' dir='ltr'><strong>caeli</strong></span> <span class='ocrx_word' id='word_1_249' title='bbox 343 3689 543 3760; x_wconf 87' lang='lat' dir='ltr'><strong>conspectus.</strong></span> <span class='ocrx_word' id='word_1_250' title='bbox 603 3677 775 3757; x_wconf 87' lang='lat' dir='ltr'><strong>Quomodo</strong></span> <span class='ocrx_word' id='word_1_251' title='bbox 805 3677 903 3765; x_wconf 82' lang='lat' dir='ltr'><strong>igitur</strong></span> <span class='ocrx_word' id='word_1_252' title='bbox 936 3699 977 3742; x_wconf 87' lang='lat' dir='ltr'><strong>ex</strong></span> <span class='ocrx_word' id='word_1_253' title='bbox 1004 3677 1112 3754; x_wconf 78' lang='lat' dir='ltr'><strong>iisdem</strong></span> 
     </span>
    </p>
   </div>
   <div class='ocr_carea' id='block_1_12' title="bbox 102 3777 1016 3946">
    <p class='ocr_par' dir='ltr' id='par_1_13' title="bbox 102 3777 1016 3946">
     <span class='ocr_line' id='line_1_34' title="bbox 102 3777 1016 3880; baseline -0.004 -31"><span class='ocrx_word' id='word_1_254' title='bbox 102 3783 270 3854; x_wconf 81' lang='lat' dir='ltr'><strong>stellarum</strong></span> <span class='ocrx_word' id='word_1_255' title='bbox 291 3781 403 3866; x_wconf 82' lang='lat' dir='ltr'><strong>figuris</strong></span> <span class='ocrx_word' id='word_1_256' title='bbox 427 3779 569 3850; x_wconf 86' lang='lat' dir='ltr'><strong>orientur</strong></span> <span class='ocrx_word' id='word_1_257' title='bbox 584 3791 622 3880; x_wconf 21' lang='lat' dir='ltr'><strong>*et</strong></span> <span class='ocrx_word' id='word_1_258' title='bbox 644 3777 786 3850; x_wconf 79' lang='lat' dir='ltr'><strong>homines</strong></span> <span class='ocrx_word' id='word_1_259' title='bbox 809 3793 840 3847; x_wconf 87' lang='lat' dir='ltr'><strong>et</strong></span> <span class='ocrx_word' id='word_1_260' title='bbox 862 3792 912 3846; x_wconf 90' lang='lat' dir='ltr'><strong>tot</strong></span> <span class='ocrx_word' id='word_1_261' title='bbox 934 3779 1016 3850; x_wconf 78' lang='lat' dir='ltr'><strong>alin?</strong></span> 
     </span>
     <span class='ocr_line' id='line_1_35' title="bbox 576 3881 642 3946; baseline -0.03 0"><span class='ocrx_word' id='word_1_262' title='bbox 576 3881 642 3946; x_wconf 87' lang='lat' dir='ltr'><strong>VI.</strong></span> 
     </span>
    </p>
   </div>
   <div class='ocr_carea' id='block_1_13' title="bbox 1097 3839 1114 3868">
    <p class='ocr_par' dir='ltr' id='par_1_14' title="bbox 1097 3839 1114 3868">
     <span class='ocr_line' id='line_1_36' title="bbox 1097 3839 1114 3868; baseline 0 0"><span class='ocrx_word' id='word_1_263' title='bbox 1097 3839 1114 3868; x_wconf 64' lang='lat'><em>0</em></span> 
     </span>
    </p>
   </div>
   <div class='ocr_carea' id='block_1_14' title="bbox 169 3971 1231 4073">
    <p class='ocr_par' dir='ltr' id='par_1_15' title="bbox 169 3971 1231 4073">
     <span class='ocr_line' id='line_1_37' title="bbox 169 3971 1231 4073; baseline -0.001 -21"><span class='ocrx_word' id='word_1_264' title='bbox 169 3987 217 4063; x_wconf 85' lang='lat' dir='ltr'><strong>At</strong></span> <span class='ocrx_word' id='word_1_265' title='bbox 239 3971 488 4061; x_wconf 43' lang='lat' dir='ltr'><strong>uero&#39;oriuutur</strong></span> <span class='ocrx_word' id='word_1_266' title='bbox 508 3985 632 4072; x_wconf 82' lang='lat' dir='ltr'><strong>singula</strong></span> <span class='ocrx_word' id='word_1_267' title='bbox 653 4005 716 4069; x_wconf 88' lang='lat' dir='ltr'><strong>pro</strong></span> <span class='ocrx_word' id='word_1_268' title='bbox 743 3983 808 4050; x_wconf 84' lang='lat' dir='ltr'><strong>suis</strong></span> <span class='ocrx_word' id='word_1_269' title='bbox 835 3985 974 4068; x_wconf 78' lang='lat' dir='ltr'><strong>naturis,</strong></span> <span class='ocrx_word' id='word_1_270' title='bbox 1011 4008 1111 4073; x_wconf 83' lang='lat' dir='ltr'><strong>equus</strong></span> <span class='ocrx_word' id='word_1_271' title='bbox 1220 3989 1231 3998; x_wconf 80' lang='grc'><em>”</em></span> 
     </span>
    </p>
   </div>
   <div class='ocr_carea' id='block_1_15' title="bbox 689 4087 817 4194">
    <p class='ocr_par' dir='ltr' id='par_1_16' title="bbox 689 4087 817 4194">
     <span class='ocr_line' id='line_1_38' title="bbox 689 4087 817 4194; baseline 0.008 -43"><span class='ocrx_word' id='word_1_272' title='bbox 689 4087 817 4194; x_wconf 74' lang='lat' dir='ltr'><strong>¹ld</strong></span> 
     </span>
    </p>
   </div>
   <div class='ocr_carea' id='block_1_16' title="bbox 0 0 1384 4790">
    <p class='ocr_par' dir='ltr' id='par_1_17' title="bbox 0 0 1384 4790">
     <span class='ocr_line' id='line_1_39' title="bbox 0 0 1384 4790; baseline 0 0"><span class='ocrx_word' id='word_1_273' title='bbox 0 0 1384 4790; x_wconf 95' lang='lat' dir='ltr'><strong> </strong></span> 
     </span>
    </p>
   </div>
  </div>
 </body>
</html>
