2758 4790
260 297 321 410 44'4

260 520 351 584 σαῖσι
378 512 437 584 οὐκ
463 519 496 586 λυ
520 515 660 609 Περσίδι
681 512 766 638 μόνρ
785 513 846 596 τάς
867 516 1061 610 θυγατέρας
1085 517 1258 638 γαμοῦσιν,

260 617 420 688 ἀλλὰκαὶ
442 622 474 689 ἐν
495 627 593 688 παντι
610 613 755 700 ἔθνει,
745 611 829 688 όπου
848 615 945 688 ἀν’
909 615 1083 702 οικὴσωσι,
1099 617 1181 698 τοὺς
1200 623 1259 714 τόν

259 719 429 844 προγόνων
453 719 677 843 φυλάττοντες
693 717 816 808 νόμους
832 727 888 790 καὶ
913 723 977 791 τῶν
987 722 1180 811 μυστηρίων
1204 717 1260 790 ἀυ-

259 822 396 908 τῶντὰς
417 808 556 903 τελετάς.
573 822 680 891 Ἀλλὰ
700 830 756 890 καί
773 821 882 892 πολλὰ
898 820 1058 953 βάρβαροι
1080 824 1166 908 ἔθνη
1186 850 1262 892 κατ-

232 929 235 938 ’
259 927 410 1014 ελέξαιιεν
454 923 530 993 τότε
567 924 649 994 ὄντα
683 929 716 996 ἐν
749 930 953 1019 Μεσημβρίρι
983 933 1040 995 και
1064 922 1175 1002 Λόσει
1209 932 1263 995 και

256 1024 422 1126 ’Λνατολῇ
439 1035 494 1096 καὶ
507 1025 658 1122 ’Ἁρκτῳ,
686 1033 855 1098 τουτέστιν
876 1034 910 1096 ἐν
928 1025 1106 1124 διαφόροις
1123 1030 1264 1117 κλίμασι,

259 1129 304 1219 μὴ
319 1137 495 1221 μετέχοντα
506 1127 684 1225 Ἐρμαϊκῆς
703 1128 881 1220 ἐπιστήμης
892 1131 949 1216 5²).
977 1128 1106 1215 Πόσοι,
1126 1134 1264 1221 νομίζετε

260 1241 362 1361 ‹10607
383 1232 498 1327 ἀνδρες
518 1230 713 1354 παρήγαγον
731 1233 809 1314 τούς
825 1236 931 1314 κακῶς
951 1240 1116 1324 κειμένους
1137 1230 1266 1324 νόμους,

261 1343 316 1404 καί
338 1337 458 1405 ἔθεντο
480 1335 558 1418 τοὺς
583 1335 703 1418 ἰδίους·
725 1344 779 1406 καί
787 1334 908 1418 ὀὐδεὶς
930 1339 993 1406 τῶν
1015 1335 1162 1428 ἀστέρων
1180 1333 1263 1404 ἀπώ-

260 1438 388 1508 λεσε’
354 1467 392 1508 τυ
408 1438 505 1540 ,ιδίον
528 1441 637 1530 κλίμα.
682 1444 782 1518 Χθές
808 1445 840 1507 ολ
857 1435 1073 1560 Ῥωμαῖοι
1033 1467 1091 1524 της
1105 1438 1267 1532 Αραβίας

260 1529 484 1634 κρατόσοίντες
506 1545 549 1625 55)
573 1540 650 1622 τοὺς
670 1546 734 1610 τῶν
754 1539 945 1635 Βαρβάρων
966 1539 1088 1632 νόμους
1108 1540 1266 1626 ἤλλαξαν·

259 1650 371 1714 έπεται
387 1643 513 1737 γὰρτὸ
535 1641 746 1732 ἀυτεξοόσιον
768 1647 812 1739 τῷ
837 1642 1043 1739 ἀυτεξουσίῳ.
1092 1643 1198 1714 Τὸδὲ
1214 1648 1268 1714 δυ-

258 1745 397 1836 νάμενον
432 1754 545 1816 πείσαι
577 1753 633 1816 καὶ
663 1745 742 1828 τούς
773 1743 932 1827 ἀπίστους
963 1715 1158 1838 ἐκθήσομαι
1186 1744 1270 1837 ὑμῖν.

255 1846 421 1920 Ἰουδαῖοι
442 1847 561 1932 πάντες
578 1856 610 1920 σί
625 1849 681 1920 διὰ
695 1856 842 1930 Μωσέως
862 1847 1030 1940 δεξόμενοι
1050 1847 1173 1941 νόμον,
1195 1848 1269 1930 τοὺς

192 1969 197 1982 ’
257 1958 475 2041 γεννωμένους
488 1952 629 2046 ἀῤῥενας
639 1958 763 2034 παῖδας
780 1957 812 2022 έν
824 1951 925 2050 όγδοῇ
939 1949 1048 2046 ἡμέρᾳ
1062 1951 1269 2043 ολιμοίσσουοι

258 2061 525 2148 περιτέμνοντες,
563 2055 623 2125 οὐκ
651 2055 790 2150 ἀστέρος
820 2059 1007 2149 παρουσίαν
1036 2055 1270 2146 ἀναμένοντες,

259 2156 297 2226 οὐ
321 2162 478 2247 κλίματος
492 2160 649 2281 ἐξουσίαν
671 2154 909 2284 ἐκτρεπόμενοι·
916 2153 981 2241 55),
1003 2156 1061 2248 οὐχ
1079 2157 1146 2230 6446
1168 2156 1271 2250 νόμου

258 2258 322 2330 ἀλλ
314 2263 437 2355 οτρίας
452 2259 564 2386 χώρας
585 2257 757 2390 ἀγόμενοι·
786 2258 898 2330 ἀλλ’3
883 2263 944 2329 είτε
963 2265 996 2330 έν
1013 2265 1132 2355 Συρίᾳ
1154 2258 1273 2352 τυγχά-

257 2389 391 2446 νουσιν,
415 2368 475 2434 ε’ίτε
498 2369 609 2434 ένΓαλ
606 2367 689 2458 λίρι,
711 2366 772 2434 έίτε
787 2369 820 2434 έν
830 2359 1029 2457 Ιταλία,”
1002 2391 1063 2434 ειτε
1080 2370 1115 2434 έν
1128 2363 1273 2448 Ελλάδι,

257 2464 278 2551 ἢ
297 2470 330 2535 έν
336 2467 548 2560 Παρθία,’
534 2464 556 2551 ιγ’
579 2460 662 2536 ὅπου
688 2463 729 2538 ἀν
737 2456 827 2590 604,
849 2471 947 2536 τοῦτο
968 2470 1135 2540 ποιοῦσιν.
1170 2462 1272 2592 ‘'me

258 2566 317 2648 6644
343 2573 412 2639 ἐστι
437 2568 524 2640 κατὰ
546 2575 686 2658 γένεσιν
710 2568 834 2664 οὐγὰρ
860 2567 1019 2640 δύνανται
1042 2569 1169 2652 πάντες
1186 2569 1276 2640 Ιου-

250 2677 352 2755 ’δαῖοι
371 2675 452 2793 μίαν
472 2678 598 2762 γένεσιν
617 2675 714 2764 ἔχειν
736 2671 825 2742 ἀλλά
844 2700 899 2742 και
889 2671 993 2768 δι’]
972 2701 1101 2799 ημρρων
1117 2680 1206 2744 ε’πτοι
1190 2673 1277 2757 55).

259 2772 379 2898 πρίντες
399 2769 484 2846 ὅπου
501 2775 543 2844 ἀν
565 2775 660 2898 ὠσιυ,
692 2774 852 2905 ἀργοῦσιν
873 2803 908 2844 εκ
929 2776 1055 2858 παντὸς
1079 2779 1202 2871 ἔργου,
1224 2783 1278 2846 καί

259 2876 334 2948 όότε
357 2875 587 2960 ὁδεύουσιν,
571 2876 646 2948 οείτε
665 2906 745 2973 πυρι
762 2883 923 2972 χρῶνται·
956 2876 1030 2948 όότε
1052 2874 1277 2970 ἀναγκόζειὴ

258 2986 383 3068 γένεσις
405 2977 577 3052 Ἰουδαῖον
604 2979 680 3052 όότε
704 2985 815 3052 κτίσαι
847 2980 955 3065 όῖκον,
985 2979 1036 3056 ,οὗ
1065 2989 1277 3070 καταλῦσαι,

259 3081 320 3154 οὐκ
345 3080 582 3175 ἐργάσασθαι,
630 3083 668 3154 οὗ
697 3089 859 3170 πολῆσαι,
896 3084 957 3154 οὐκ
992 3081 1170 3179 ἀγοροίσαι
1209 3091 1280 3166 ταῖς

259 3182 398 3278 ἡμέραις
423 3191 484 3257 τοῦ
505 3185 713 3278 Σαββάτου,
749 3191 805 3257 καί
833 3214 886 3256 τοι
919 3193 953 3258 ἐν
980 3191 1019 3285 τῇ
1049 3186 1141 3285 ἀυτῇ
1172 3185 1280 3280 ἡμέρρ

259 3287 443 3376 γεννώντων
461 3287 653 3374 Ἰουδαίων,
675 3298 730 3360 καί
751 3296 970 3381 γεννωμένων,
999 3299 1058 3360 καὶ
1076 3289 1280 3372 νοσούντων,

259 3400 315 3460 καὶ
340 3390 640 3478 ἀποθνησκόντων·
663 3395 770 3461 ταῦτα
788 3391 855 3520 ’γὰρ
878 3391 937 3462 οὐκ
961 3395 1009 3472 ἔτι
1024 3399 1093 3465 ε’στὶ
1119 3398 1185 3464 τοῦ
1202 3393 1281 3464 ἀντ·

246 3498 430 3580 ,εξουσίοα
464 3494 520 3564 Ἕν
552 3500 591 3591 τῆ
612 3497 727 3588 Συρία
752 3505 809 3566 καί
830 3500 863 3566 ἐν
884 3498 922 3591 τῆ
940 3494 1155 3620 Ὀσροηυῇ
1132 3495 1281 3568 οωτεκόπ-

259 3625 356 3667 τοντο
386 3604 507 3721 πολλοὶ
541 3626 578 3694 τις
607 3595 660 3666 Ι
644 3617 701 3668 εει
744 3608 801 3669 καί
828 3605 862 3668 έν
894 3594 999 3693 τούτῳ
1034 3602 1098 3694 μία
1143 3603 1235 3697 ῥοπρ
1264 3595 1282 3668 6

260 3708 358 3789 βασιλ
355 3699 417 3782 εός
441 3701 613 3793 ’Ἆρ’γαρος
650 3706 792 3772 ἐκέλευσε
822 3707 885 3772 τῶν
917 3701 1205 3794 ἀποκοπτομένωυ
1242 3699 1283 3771 τὰ

261 3804 374 3896 ἀιδοία
403 3801 660 3896 ἀποκόπτεσθαι
690 3815 747 3874 καὶ
776 3805 846 3890 τὰς
863 3817 995 3910 χεῖρας·
1038 3815 1097 3875 καὶ
1140 3813 1177 3876 ἐκ
1211 3801 1283 3876 τότε

250 3887 369 4003 ,σίδας
390 3897 585 4002 ἀπεκόψιιτο
608 3937 640 3978 ει
661 3913 697 4005 τῇ
713 3908 871 4001 ’γ’(λσροι
823 3938 880 4006 γαρ.
930 3914 969 3980 Ίί
990 3914 1059 3978 λε’
1044 3915 1192 4003 εροῦμεν
1212 3917 1284 4000 περὶ
