2828 4792
267 430 307 492 18

267 585 482 664 ἀκολούθους
504 583 552 662 25)
575 575 691 648 ίδεῖν’
675 575 754 648 ιοτί.
802 573 856 666 Τῷ
878 576 940 693 μὲν
964 569 1031 668 γάρ
1056 562 1282 697 φιλονινδύυιρ

267 727 323 768 και
312 693 468 784 θρασεῖ
482 681 581 780 φύσει
601 674 713 768 βίαιός
731 703 781 756 τις
797 683 853 744 καὶ
871 703 890 744 ο
878 665 1189 754 θάνατος25ο)
1167 699 1210 750 ως
1227 673 1278 738 ἐπὶ

267 829 306 871 το
292 801 487 868 πλεῖστον,
511 782 595 868 άύτιγ
610 782 673 906 γάρ
688 777 777 864 29)“
759 809 779 862 η
794 807 852 862 της
870 775 999 872 φύσεως
1016 777 1209 867 έιμοιρμένη
1233 777 1278 842 τά

221 903 369 983 κῆὲ25)
392 889 646 982 άκολάστιμν
586 887 646 970 τὴν
616 882 779 980 γφύσιν,
800 879 839 950 τό
857 909 891 950 τε
908 885 942 949 ἐν
956 879 1092 964 ἡδοναῖς
1106 867 1279 958 τοιαύταις

268 1004 433 1085 καταζῆν,
455 990 540 1064 καὶὸ
556 995 620 1060 τῶν
635 987 787 1081 ἀκρατῶν
800 988 893 1074 βίος,
915 982 1024 1053 ἀλλ”
997 1011 1024 1051 τι
1035 1010 1068 1051 τι
1079 981 1128 1067 29)
1143 978 1280 1060 κάλλιον

270 1117 307 1180 έν
317 1107 405 1197 άυτῷ
420 1095 592 1190 γενόμενον
610 1097 705 1188 ἐκστῃ
691 1091 767 1172 27)
778 1093 838 1158 τοῦ
849 1085 936 1156 κατά
946 1083 1069 1182 φύσιν,
1091 1091 1127 1154 αἱ
1141 1088 1205 1154 τῶν
1218 1080 1282 1152 πό-

268 1239 333 1284 νων
345 1207 509 1296 ύπομοναλ
525 1200 599 1282 27ο)
621 1202 677 1264 καί
696 1223 732 1262 αι
723 1188 994 1272 ’κακοπάθειαι,
1016 1195 1072 1256 καί
1093 1191 1127 1258 ἐν
1147 1194 1217 1268 τοῖς
1227 1191 1284 1280 25)

269 1311 434 1388 τοιούτοις
458 1331 516 1372 του
502 1305 608 1391 βίου
623 1301 856 1388 καταστροφαὶ
874 1290 1006 1362 πάλιν
991 1299 1053 1360 τισὶ
1067 1288 1182 1360 καθ’ί
1165 1318 1283 1413 τιμαρ-

269 1425 378 1512 μένην.
420 1413 491 1479 Καὶ
514 1412 583 1484 τοῖς
604 1400 893 1520 άντλευθέροιςδὲ
916 1395 975 1484 τὴν
990 1392 1093 1490 φύσιν
1107 1421 1162 1463 και
1152 1389 1284 1478 6666-

271 1547 363 1598 στοις
378 1519 451 1606 περὶ
464 1512 579 1591 κτῆσιν
589 1498 782 1630 γριγμάτων
777 1505 833 1568 καί
848 1499 891 1566 τά
903 1502 961 1581 τῆς
971 1501 1168 1590 έιμαρμένης
1178 1521 1284 1590 συνῳη

270 1622 330 1695 δά
352 1626 386 1690 έν
400 1616 544 1690 ἀδικίαις
558 1607 640 1730 γάρ,
662 1602 706 1685 ὡς
723 1597 774 1672 έπὶ
792 1628 830 1671 το
817 1598 1028 1670 πλεῖστον’
1012 1627 1031 1670 ο
1047 1597 1284 1670 τῶντοιούτων

269 1731 360 1821 βίος,
391 1714 487 1801 καιὴ
515 1741 573 1784 του
559 1714 735 1800 βίονὲ
700 1711 735 1774 δὲ
764 1702 983 1802 καταστροφὴ
1003 1711 1073 1784 τοῖς
1097 1701 1167 1776 κατ’
1198 1701 1285 1774 άυτά

199 1825 212 1842 ⁸
271 1827 474 1944 πράττουσιν
488 1811 712 1892 άκόλουθος2
715 1814 755 1894 9.)
800 1807 862 1880 Διὸ
883 1815 939 1876 καὶ
959 1810 1117 1896 ἐπιλέγειν
1137 1803 1284 1876 έιάθασι

271 1941 342 2014 τοῖς
356 1922 542 2002 τοιούτοις,
565 1911 646 1988 όταν
661 1917 696 1984 ἐν
712 1918 786 1992 ταῖς
798 1907 1008 1990 άιιολοόθοις
1022 1936 1056 1986 τε
1072 1914 1117 1994 59)
1131 1937 1190 1980 του
1175 1913 1284 1999 βίον

271 2065 328 2108 ναι
316 2027 423 2102 καθ’
443 2027 640 2150 ἑιμαρμένην
656 2027 669 2072 5
672 2021 700 2102 ¹)
714 2011 945 2105 περιστάσεσιν
961 2001 1058 2096 ὦσιν,
1091 2011 1134 2094 69
1154 2016 1287 2095 ἑαυτοῖς

271 2132 442 2232 γεγονόσιν
456 2125 576 2208 άιτίοις
597 2125 644 2207 52)
659 2122 722 2190 τῶν
739 2114 913 2211 παρόντων
926 2114 1041 2198 άυτοῖς
1053 2120 1173 2188 κακῶν.
1212 2121 1285 2188 Καὶ

271 2239 358 2315 τοῦτ’
375 2237 422 2308 ἄν
435 2262 485 2313 τις
496 2229 737 2322 παρίστασθαι
749 2217 952 2310 βουλόμενος
968 2227 1038 2300 τοῖς
1051 2219 1110 2300 τάς
1129 2223 1285 2311 μαντείας

274 2341 580 2454 ἐπαγγελλομένοις,
603 2331 662 2398 τού
675 2324 720 2448 μί]
735 2321 846 2394 πάντα
864 2320 943 2407 55)’
923 2350 1037 2404 αυτοις
1051 2320 1288 2414 ἐπιτυγχάνεω,

274 2455 372 2547 φέροι
394 2437 494 2526 59)
461 2465 504 2507 το
522 2433 645 2515 άίτιον,
672 2427 717 2518 μὴ
734 2424 848 2498 ποντα
864 2426 923 2510 τὴν
941 2423 1045 2521 φύσιν
1067 2423 1207 2498 ἑκάστου
1229 2436 1287 2499 και

273 2551 333 2636 τὴν
344 2547 553 2674 ἔιμοιρμέιυγν
578 2539 717 2615 ἐυοόεῖν,
759 2527 845 2600 ἀλλὰ
861 2531 1020 2618 γίνεσθαί
1037 2555 1113 2600 τινα
1134 2537 1190 2604 καί
1207 2527 1284 2624 παρ’

274 2652 393 2736 ἀυτὴν,
416 2652 499 2716 εῖναι
513 2647 549 2712 δὲ
564 2637 647 2762 6069
656 2633 790 2727 μάντεις
804 2631 961 2764 μηνυτὰς
969 2637 1014 2716 55)
1031 2635 1095 2702 τῶν
1109 2639 1287 2723 γινομένων

274 2754 355 2828 καθ
377 2751 589 2843 ἑιμαρμένην,
612 2735 728 2832 ἰόσπερ
751 2733 809 2806 ὀῦν
831 2729 986 2816 καὶτοὺς
1002 2732 1287 2830 φυσιογνωμονας.

269 2854 442 2934 Ἔιπόντος
462 2853 542 2942 γοῦν
562 2842 722 2932 Ζωπύρου
751 2837 797 2925 52)
829 2843 888 2910 τού
918 2834 1190 2966 φυσιογνόμονος
1212 2847 1287 2930 περ)

275 2955 480 3053 Σωκράτους
491 2978 549 3020 του
534 2943 785 3072 φιλοσόφου’
763 2939 874 3012 ατοπά
884 2967 959 3011 τινα
972 2967 1030 3008 και
1018 2941 1223 3013 2’πλωῖστον
1203 2970 1288 3037 αφε

276 3067 385 3136 στῶτα
399 3063 457 3143 τῆς
474 3057 714 3178 προαιρέσεως
716 3045 819 3116 άυτοῦ
846 3048 906 3128 τῆς
924 3041 1012 3112 κατά
1030 3042 1088 3114 τὸν
1107 3048 1198 3133 βίον,
1230 3054 1289 3118 καὶ

276 3175 329 3239 ἰπὶ
341 3162 473 3242 τούτοις
490 3157 554 3230 ὑπὸ
568 3159 632 3225 τόν
646 3157 720 3243 περὶ
731 3148 789 3220 τόν
802 3143 990 3239 Σωκράτην
1007 3153 1287 3239 καταγελωμένων,

277 3271 393 3352 οὐδὲν,
415 3271 501 3334 έιπεν
515 3288 536 3328 ο
522 3252 752 3346 Σωκράτης,
780 3252 953 3346 έψευσθαι
969 3249 1069 3334 57)
1035 3277 1093 3320 τον
1110 3248 1289 3342 Ζώπυρον,

276 3364 317 3459 ἦν
337 3372 402 3465 γάρ
424 3366 466 3438 ίίν
485 3365 657 3442 τοιοῦτος,
679 3349 759 3426 ὅσον
780 3357 831 3432 ἐπὶ
852 3355 892 3450 τῇ
909 3350 1025 3448 φύσει,
1047 3358 1076 3422 ἐι
1092 3381 1138 3444 μη
1125 3351 1261 3426 όιά
1226 3383 1287 3441 την

196 3542 200 3549 .
275 3483 311 3547 6
312 3473 531 3599 φιλοσοφίας
545 3465 685 3546 άσκησιν
699 3456 836 3549 άμείνων
846 3460 904 3541 τῆς
917 3453 1047 3550 φύσεως
1060 3460 1194 3546 ἐγένετο.
1214 3463 1287 3532 Και

277 3577 361 3663 άύτη
375 3585 436 3666 μὲν
451 3571 472 3658 6
488 3576 563 3663 περὶ
583 3567 665 3650 22)
649 3587 846 3655 θμαθμένηθ
852 3613 861 3643 ι
883 3557 926 3640 ὡς
944 3561 978 3630 ἓν
991 3564 1161 3710 κεφαλαίου
1178 3566 1258 3646 59)’
1241 3591 1289 3638 τις

277 3690 380 3766 66„
399 3674 488 3748 κατὰ
501 3669 579 3750 τούς
593 3664 659 3737 άπὸ
674 3669 734 3736 τοῦ
748 3659 929 3758 περιπάτου
943 3660 1025 3747 δόξα
1040 3658 1097 3747 9.9)

336 3883 387 3954 ’Ἡ
404 3888 439 3953 δὲ
465 3872 649 3957 κατασκευὴ
670 3873 734 3941 τῶν
752 3873 928 3962 έιρημένων
948 3869 1287 3964 έσταιφανερωτέρα,

275 3990 534 4082 παρατιθέντων
556 3976 646 4066 ἡμῶν
670 3982 744 4054 ταῖς
763 3975 1023 4068 προηγουμέναις
1048 3975 1111 4042 τάν
1136 3980 1288 4064 κειμένων
