2782 4790
1065 384 1125 444 loa
1206 347 1219 360 ’

128 577 161 618 se
183 551 229 617 illi
251 553 411 636 privantes
434 549 571 616 incidunt
590 552 624 614 in
646 556 765 634 poenas
786 563 827 618 *et
855 551 1012 634 supplicia
1038 553 1124 636 ipsos

90 669 91 672 ’
126 656 276 722 mutantia
296 655 328 720 in
350 654 561 719 conffitionern
583 651 711 720 neonae
734 675 807 718 snae
831 667 1071 752 congruentem.

192 1179 283 1242 Haec
294 1176 391 1261 igitur
405 1193 475 1236 curn
488 1195 529 1236 ex
544 1165 759 1238 eominuaibus
772 1189 802 1240 et
814 1196 878 1240 non
895 1178 1054 1260 corruptis
1064 1179 1129 1242 ani-

127 1303 253 1346 morum
274 1277 456 1343 notionibus
478 1299 538 1360 per
560 1299 593 1340 se
615 1279 767 1360 pateant,
786 1292 817 1360 et
837 1279 871 1342 in
885 1280 1007 1370 decium
1023 1281 1129 1364 legum

127 1386 213 1450 libro
246 1381 418 1464 (Platonis)
449 1381 617 1464 perspicue
650 1384 927 1459 demonstrentur,
965 1371 1034 1445 fieri
1067 1405 1131 1446 non

126 1498 234 1570 potest
254 1495 291 1548 ut
313 1496 366 1548 aut
385 1483 535 1569 ignorent
558 1469 667 1549 nostra
689 1483 761 1562 Dii,
800 1497 855 1550 aut
878 1469 1068 1550 indefinitam
1090 1489 1130 1549 de

128 1591 166 1656 iis
189 1590 325 1656 habeant
346 1587 507 1666 nuntiam,
538 1598 685 1672 tanquam
708 1589 920 1653 coniectantes
942 1590 1129 1652 defuturis.

128 1694 272 1758 Primum
294 1691 376 1754 enim
397 1691 478 1756 sicut
500 1683 648 1756 Timaeus
670 1713 729 1756 nos
752 1693 876 1768 docuit,
912 1692 1032 1774 etipse
1054 1692 1131 1756 Ari-

128 1796 260 1860 stoteles
283 1797 320 1858 de
342 1793 456 1857 divims
478 1815 575 1878 agens
598 1794 799 1878 pronuntiat,
825 1807 855 1858 et
879 1807 950 1858 ante
971 1795 1032 1859 hos
1050 1796 1132 1860 Par·

129 1899 287 1974 merides,
319 1917 383 1962 non
406 1900 490 1980 apud
510 1897 679 1962 Platonem
700 1910 836 1974 tantum,
871 1901 927 1962 sed
948 1909 981 1961 et
998 1898 1031 1961 in
1054 1916 1133 1979 pru-

128 2001 208 2086 priis
241 2000 449 2081 carminibus:
495 2001 570 2064 nihil
598 2011 647 2064 est
675 2004 760 2084 apud
779 1997 876 2066 ¹Deus
906 2014 961 2066 aut
988 2013 1133 2064 exactum

131 2118 183 2168 aut
210 2106 374 2196 futurum,
408 2124 510 2186 neque
538 2105 660 2186 horum,
681 2106 813 2168 alterum
834 2116 950 2188 potest,¹
963 2104 1023 2166 dici
1044 2125 1134 2178 esse,

129 2209 203 2292 qtria
224 2207 303 2270 illud
324 2227 388 2268 non
410 2195 492 2268 ultra
513 2206 570 2282 sit,
595 2209 658 2271 hoc
681 2229 759 2272 vero
782 2210 942 2283 nondum,
966 2207 1043 2270 illud
1066 2227 1133 2268 mn-
1206 2235 1210 2244 ¹

130 2325 231 2376 tatum
253 2310 333 2384 iarn,
372 2309 435 2374 hoc
462 2299 494 2374 in
515 2311 665 2392 proximo
688 2324 723 2374 nt
742 2323 892 2374 mutetur.
939 2310 1030 2374 Talia
1052 2309 1134 2372 enim

130 2417 167 2480 ii's
190 2397 245 2498 qiri
266 2409 391 2495 semper
412 2425 484 2475 sunt
506 2427 536 2476 et
551 2416 755 2481 mutationem
769 2435 809 2479 ne
822 2417 993 2500 cogitando
1009 2415 1134 2498 quidem
1152 2463 1156 2472 .

131 2519 289 2600 recipiunt
316 2515 487 2579 attribuere
520 2518 705 2610 absonnmg
744 2521 885 2584 Necesse
914 2531 962 2582 est
994 2518 1075 2582 eninr
1104 2517 1136 2581 id

131 2624 220 2706 qnod
240 2617 369 2683 omnino
393 2631 440 2684 est
461 2619 652 2684 immutabile
675 2625 837 2689 antecedat
865 2643 932 2685 rem
965 2621 1135 2704 quamlibet
1168 2700 1187 2727 v
1270 2602 1275 2618 ¹

130 2736 324 2798 mutantem,
361 2735 395 2784 ut
417 2743 454 2784 ea
476 2737 597 2788 mutans
615 2739 753 2788 maneat.
799 2727 998 2806 Quare-enm
1022 2724 1083 2787 Diu
1097 2727 1136 2786 ad

132 2827 240 2894 amnia
257 2815 406 2908 principii
426 2827 562 2890 habeant
584 2813 758 2904 rationem,
796 2851 866 2892 non
886 2839 995 2910 potest
1021 2826 1052 2890 in
1072 2827 1135 2890 illis
1223 2911 1225 2916 Ι

133 2944 186 2994 aut
208 2930 413 3014 praeteritum
436 2930 572 3014 cogitari
596 2942 651 2995 aut
678 2931 837 3004 hunnum
874 2934 931 2994 sed
958 2931 1136 2996 ommacio

131 3036 163 3098 in
187 3053 252 3097 uuo
268 3051 357 3110 ,natue
378 3045 535 3115 perpetuo
558 3045 630 3095 sunt
652 3033 824 3110 collocata,
865 3053 937 3096 cnm
957 3046 1135 3114 temporum

135 3157 282 3201 mensura
304 3153 372 3198 una
401 3159 472 3200 cnm
495 3136 645 3200 Universi
671 3135 762 3199 huius
792 3137 946 3200 exstantia
974 3137 1134 3217 coeperit,

134 3243 243 3324 cisque
259 3239 335 3302 solis
351 3239 545 3307 dimetiendis
573 3237 617 3304 sit·
635 3253 707 3323 apta
723 3261 802 3323 quae
823 3242 992 3312 seeundum
1014 3251 1136 3318 ternpus

135 3365 226 3408 snam
246 3345 363 3406 habent
385 3355 438 3406 ant
460 3341 666 3409 constantiam
688 3356 741 3407 aut
764 3343 993 3425 operationem.
1050 3342 1137 3421 Qua·

135 3459 273 3530 propter
304 3459 335 3509 et
365 3447 507 3532 cognitio
536 3447 756 3514 coniecturalis
788 3447 885 3532 longe
913 3467 931 3508 a
958 3444 1027 3508 Diis
1056 3446 1137 3507 rele-

137 3552 262 3636 ganda,
298 3563 329 3613 et
359 3553 398 3614 ad
425 3551 549 3613 infimos
578 3552 656 3613 fines
681 3551 764 3614 vitae
784 3549 945 3614 rationalis
968 3546 1139 3612 deiicienda

137 3667 196 3716 est.
257 3656 300 3718 Et
322 3657 484 3736 quomodo
514 3655 612 3739 igitur
639 3671 678 3716 eo
709 3655 867 3717 veriienrns
899 3653 1135 3729 immodestiae,

136 3770 172 3820 ut
195 3769 339 3838 putemus
362 3765 420 3820 non
450 3759 514 3820 eins
544 3758 733 3842 cognitionis
757 3781 836 3842 quae
866 3760 953 3840 apud
971 3758 1058 3822 Deos
1093 3769 1139 3818 est

138 3881 207 3922 esse
229 3859 417 3943 participes,
435 3878 439 3886 ·
457 3862 532 3924 anit
561 3861 589 3924 ei
617 3861 754 3936 valentes
784 3863 933 3944 tribuere
952 3863 1022 3944 plns
1046 3881 1140 3942 qnam
1207 3885 1211 3892 ¹
1256 3844 1259 3867 i

139 3975 289 4038 nostrae,
328 3985 399 4026 cum
422 3975 452 4026 et
468 3964 557 4034 'illam
578 3965 708 4030 iacimus
738 3964 862 4028 dubiam
885 3977 915 4028 ct
936 3963 1138 4044 indefinitam.
