2828 4792
1062 377 1065 386 ¹
1120 415 1143 458 V

135 560 316 637 editionis
338 549 505 638 Aldinae
525 561 662 662 prioris
690 559 796 658 (nam
822 561 863 638 in
890 560 1008 640 altera
1032 563 1143 641 Libri

134 681 186 756 de
203 681 341 775 anima,
357 681 496 781 quibus
515 682 763 759 continentur
776 685 870 760 haec
885 685 1027 785 capita,
1053 683 1145 760 licet

132 799 178 874 in
219 800 332 876 titulo
371 801 666 901 promittantur,
711 829 792 878 non
817 804 1067 903 comparent)
1101 803 1145 880 in

135 919 281 1018 quibus
314 919 533 998 Alexander
567 947 674 996 suam
712 927 777 998 vel
814 924 941 1025 potius
975 922 1145 1022 magistri

133 1039 197 1112 sui
222 1039 436 1116 Aristotelis
462 1042 510 1118 de
525 1042 621 1116 Fato
647 1028 873 1119 sententiam
891 1039 1048 1120 brevius
1064 1043 1146 1142 qui-

134 1159 250 1252 dem,
288 1161 355 1244 sed
381 1162 486 1234 haud
506 1164 638 1262 paullo
666 1162 803 1238 clarius
834 1175 873 1238 et
896 1163 1064 1238 lucidius
1086 1158 1147 1239 ex-

132 1279 287 1378 posuit,
314 1306 431 1379 quam
456 1279 499 1357 in
523 1281 670 1357 maiore
690 1281 792 1358 libro
813 1273 1144 1382 ad'Imperatores.
1205 1322 1208 1328 ·

132 1396 247 1472 Alter
274 1397 409 1473 Codex
439 1425 518 1498 quo
548 1401 606 1474 uti
633 1401 786 1495 licebat,
823 1413 878 1478 est
903 1400 1147 1477 Monacensis

133 1519 203 1594 vel
220 1517 349 1616 potius
374 1518 582 1618 Exemplar
605 1520 798 1595 Editionis
819 1519 984 1596 Aldinae
1008 1519 1146 1620 prioris

134 1634 179 1711 iu
208 1635 453 1712 Bibliotheca
481 1636 603 1736 Regia
633 1639 859 1714 Monacensi
893 1619 1145 1730 asservatum,

135 1755 203 1828 eu'i
235 1754 297 1830 vir
330 1755 465 1830 doctus
500 1756 659 1854 aliquis,
702 1759 784 1831 sive
812 1757 844 1830 is
869 1758 986 1833 fuerit
1012 1757 1146 1834 Petrus

137 1873 338 1950 Victorius
354 1875 435 1952 sive
448 1875 533 1974 quis
550 1876 647 1950 alius
657 1932 668 1969 ‚
695 1901 784 1950 cum
809 1877 1065 1954 correctiones
1082 1875 1147 1949 Al-

138 1993 253 2070 dinae
270 1993 489 2093 posterioris
511 2007 594 2068 tum
613 1995 704 2069 alias
730 1995 913 2071 lectiones
935 1995 1040 2070 haud
1057 2021 1146 2069 con·
1166 2091 1167 2096 ἵ

138 2113 367 2187 te'mnendas
381 2113 424 2186 in
445 2113 616 2209 margine
641 2114 849 2213 adscripsit.
889 2114 1010 2187 Cuius
1033 2111 1147 2188 Codi-

138 2233 193 2306 cis
227 2241 404 2332 excerpta
440 2255 595 2306 mecum
634 2231 936 2308 communicavit
958 2225 1147 2308 Xaverius

87 2433 95 2444 ,
134 2351 351 2427 Werferus-
374 2354 396 2430 ὁ
420 2359 645 2456 ’μακαρίτης
676 2353 807 2452 paucis
841 2364 929 2427 ante
947 2353 1145 2461 ‘omnibus

135 2472 334 2545 literarum
344 2472 619 2545 humaniorum
633 2472 845 2547 cultoribus
860 2471 1148 2546 acerbissimum

135 2615 251 2664 suum
278 2589 430 2664 obitum
455 2590 772 2667 hebdomadibus.
825 2589 927 2678 Cum
953 2591 1057 2666 enim
1078 2613 1148 2690 per

135 2707 264 2784 literas
285 2708 344 2782 illi
361 2708 563 2806 gratissimi
586 2709 704 2784 animi
732 2735 839 2786 sensa
861 2708 1053 2784 testificari
1072 2709 1151 2784 vel·

135 2831 236 2922 lem„
263 2830 363 2904 eheu
389 2829 504 2904 tristis
524 2829 685 2904 nuntius
705 2830 837 2904 adme
860 2828 992 2922 rediit,
1009 2826 1149 2902 'uirum

139 2947 404 3022 doctissimum
426 2961 464 3023 et
487 2929 806 3022 humanissimum
823 2972 855 3023 re
878 2945 976 3024 vivis
1003 2945 1147 3021 exiisse.

214 3067 297 3142 Nec
344 3066 471 3141 minus
513 3066 697 3144 iuverunt
738 3090 803 3140 me
844 3063 886 3140 in
910 3048 1149 3140 Alexandro

140 3187 383 3264 emendando
413 3184 581 3260 subsidia
607 3184 705 3285 typis
731 3185 931 3284 impressa,
959 3209 982 3260 e
1008 3182 1149 3280 quibus

137 3288 279 3408 primo
292 3309 381 3379 loco
398 3305 599 3404 ponendae
629 3315 742 3378 erunt
758 3302 945 3378 editiones
969 3303 1068 3376 duae
1085 3301 1150 3374 Al-

137 3426 265 3520 dinae,
286 3424 410 3525 prima
431 3449 533 3497 anno
555 3423 650 3511 1534
667 3425 785 3496 altera
810 3419 901 3498 1536
916 3444 1052 3496 excusa
1077 3420 1149 3516 (ι),

185 3719 233 3798 (1)
256 3716 381 3781 Prioris
403 3715 510 3780 titulus
534 3727 600 3780 est:
650 3710 701 3780 Tol
722 3715 786 3787 τοῦ
808 3712 982 3802 Θεμιστίου
999 3707 1146 3803 Ἔαφρὰ-
1176 3734 1183 3743 ·

141 3825 223 3899 ὁρας
244 3810 386 3900 ἅπαντα,
407 3821 557 3886 τουτέστι
577 3812 796 3908 παράφρασις
818 3823 873 3884 καὶ
894 3809 997 3901 λόγοι.
1015 3810 1148 3896 'atest-

141 3925 244 4012 νδρου
276 3917 516 4013 Ἀφροδισιέώς
549 3926 621 4012 περὶ
653 3923 763 4014 ψυχῆς
794 3919 909 4005 βιβλία
939 3915 997 3985 δύο
1027 3923 1082 3984 καὶ
1113 3911 1159 3983 ἓν·
