2804 4786
123 403 132 414 ,
262 329 436 420 enos.

349 523 378 586 in
409 524 555 590 versione
584 523 753 607 expressit.
797 524 841 588 Et
863 523 990 589 omnino
1014 522 1267 589 teles'nunrero·

348 650 419 694 rum
452 639 483 690 et
511 649 637 698 casuum
668 626 827 712 enallagee
849 629 933 690 houd
953 625 1165 709 infrequentes
1185 631 1267 709 apud

349 730 487 815 optimos
509 731 695 813 scriptores.
739 729 813 809 (Ο.)

266 837 320 916 et)
348 835 431 916 ἔξει
453 834 574 900 τινῶν
594 827 740 901 ἆιτέωυ
762 831 1010 920 συμπίπτει]
1033 831 1141 900 Hero.
1159 844 1193 898 et
1207 833 1267 897 Al·

348 938 437 1002 dinae
458 937 574 1000 habent
596 935 858 1023 συμπίπτουσαν,
882 937 965 1002 unde
986 934 1138 1006 Bloehius
1158 936 1267 1021 legen·

349 1043 422 1106 dum
443 1050 549 1104 censet
569 1035 680 1108 σἰιτίαν
700 1060 762 1122 pro
785 1033 907 1106 διιτέον.
951 1038 1024 1120 (Q.)

264 1143 319 1226 36)
349 1139 414 1226 Μὴ
442 1146 511 1208 καὶ
538 1137 641 1233 ὑπὲρ
662 1144 833 1232 Μοῖραν
858 1140 943 1221 ete-l
987 1142 1099 1210 Verbo
1131 1141 1267 1206 Homeri

348 1247 390 1312 11.
413 1248 496 1312 XX.
524 1245 598 1310 336.
643 1245 722 1326 (Ο.)

265 1353 319 1436 36)
349 1345 425 1418 ὑπὸ
446 1344 538 1427 τοὺς
558 1342 1171 1436 μάντεις1Νυοιιλπὸτιῖυμαντέιινλ
1193 1349 1265 1429 (0.)

264 1456 326 1536 37).
350 1457 413 1537 [ἐν
433 1452 487 1545 τῷ
514 1447 655 1543 πρώτῳ
683 1454 761 1522 τῶν
787 1446 1265 1544 πετεωρολογουμένων]

349 1559 443 1621 nor.
467 1558 497 1620 1.
522 1555 607 1640 cap.
629 1558 729 1621 xlv.
773 1557 846 1638 (0.)
1053 1630 1055 1638 ¹

264 1662 319 1744 ot)
346 1664 477 1748 μέγας
509 1655 686 1748 χειμὼν]
730 1658 784 1724 Sie
805 1658 923 1741 optime
945 1656 1032 1724 coo.
1055 1657 1165 1722 Hevn.
1187 1658 1265 1722 Ate.

346 1767 445 1854 μέρος
456 1759 585 1850 χειμὼν.
607 1763 779 1840 Mendoee.
801 1762 963 1846 Loquitur
983 1760 1055 1828 set.
1071 1761 1263 1826 Aristoteles

346 1868 421 1934 loeo
443 1865 539 1930 citato
562 1867 600 1930 de
623 1887 705 1933 anno
738 1887 877 1952 magno,
914 1868 954 1930 de
986 1885 1051 1948 quo
1084 1864 1265 1930 adsoribere
1333 1854 1336 1860 ’

346 1970 439 2034 liceat
469 1970 576 2032 lorum
613 1969 776 2036 classicum
811 1967 982 2056 Censorini
1014 1968 1053 2030 de
1082 1968 1132 2032 die
1161 1968 1266 2032 Natali
1384 2035 1385 2042 χ

347 2071 431 2157 Cap.
453 2071 590 2153 XVIII.
632 2075 692 2146 Est
711 2083 889 2154 praetereo
910 2091 1037 2148 ament,
1073 2091 1176 2154 quem
1195 2066 1266 2134 Ari-

340 2177 475 2252 stoteles
489 2177 681 2241 maximum
693 2176 829 2256 potius,
851 2191 959 2254 quoru
968 2161 1133 2252 magunum
1148 2171 1266 2252 appet-

341 2277 412 2356 lot,
446 2295 547 2357 quem
577 2274 682 2351 eolis,
716 2273 820 2336 lunae
851 2291 1088 2354 rugorumque
1109 2271 1265 2353 quinique

342 2374 522 2438 stellarum
543 2373 637 2438 orbes
657 2374 823 2454 efficiunt,
842 2389 922 2432 eum
944 2369 992 2431 od
1012 2368 1098 2444 idem
1118 2371 1263 2448 signum,

343 2471 403 2537 ubi
422 2472 596 2556 quondum
610 2469 915 2550 -eimuifueruztt,
949 2487 1018 2532 unu
1047 2467 1263 2546 reseruntur,

343 2575 443 2638 ouius
456 2576 540 2637 unni
551 2574 655 2651 hiems
668 2593 802 2636 summa
822 2580 871 2635 est
890 2561 1144 2652 κατακλυσμὸς,
1165 2587 1264 2652 quem

341 2673 450 2736 nostri
469 2671 635 2734 diluvium
659 2679 800 2733 vocant:
834 2679 947 2734 oestuo
975 2678 1091 2734 autem
1123 2663 1264 2754 ἐκπύρω-

343 2794 412 2850 σις,
448 2770 545 2856 quod
562 2780 610 2834 est
629 2769 750 2844 mundi
768 2769 970 2834 incendium.
1004 2769 1060 2832 uhi
1087 2769 1160 2834 vide
1185 2768 1265 2834 Lio·

346 2875 505 2958 denbrog.
527 2894 562 2955 p.
586 2871 640 2935 97.
667 2873 718 2934 ed.
749 2871 964 2954 Havereamp.
988 2870 1088 2944 Coos.
1111 2873 1264 2944 Maerob.

347 2979 399 3040 ad.
422 2977 533 3040 Soron.
557 2974 647 3056 scip.
669 2973 834 3048 Libr211.
862 2972 946 3056 Cap.
969 2975 1028 3038 II..
1063 2975 1137 3058 (0.)

265 3084 319 3163 38)
348 3082 387 3148 ἐν
408 3079 461 3170 τῷ
481 3077 799 3156 Καλλισθένει]
842 3075 940 3158 Apud
960 3077 1138 3163 Diogenem
1161 3081 1264 3142 Laer·

345 3182 422 3246 tinrn
437 3182 485 3244 V.
509 3187 540 3258 §.
556 3181 610 3243 tt.
632 3191 825 3242 memoretur
846 3177 929 3242 inter
949 3179 1050 3244 libros
1073 3183 1263 3264 Theophra-

347 3283 387 3348 sti
407 3285 666 3364 Καλλισθένης,
687 3277 709 3362 ἢ
730 3286 802 3370 περὶ
822 3284 970 3360 πένθους
991 3277 1023 3350 ά.
1066 3284 1140 3362 (Ο.)

264 3389 319 3469 39)
347 3390 417 3454 καὶ
447 3379 715 3466 Πολύζηλος]
758 3383 847 3446 Inter
882 3383 1132 3472 Peripateticos,
1179 3391 1265 3472 quod

346 3489 460 3566 seiam,
484 3487 575 3550 huius
596 3485 730 3553 nominis
752 3507 845 3553 nemo
867 3501 1072 3554 memoratur.
1118 3489 1183 3554 Sed
1196 3491 1263 3553 Po-

347 3593 441 3676 lyzeli
473 3589 587 3672 Cynici
616 3589 752 3654 Photins
783 3589 868 3654 Con.
900 3590 1078 3658 CLXVII.
1109 3603 1141 3656 et
1162 3613 1202 3656 ex
1224 3613 1263 3654 eo

347 3695 511 3762 Fabricius
547 3692 577 3757 in
615 3690 774 3778 Catalogo
808 3691 1003 3782 Cynicorum
1034 3694 1119 3758 Bibl.
1144 3700 1260 3762 Graec.

347 3795 532 3866 Libe-111.
557 3793 598 3862 C.
622 3797 721 3860 XIII.
747 3797 789 3858 T.
814 3797 861 3859 ΙΙ.
884 3819 918 3880 p.
943 3797 1017 3862 366.
1040 3799 1261 3884 meminerunt.

622 3967 908 3998 *u—
