2758 4790
1057 385 1118 450 259

120 555 175 637 26)
205 551 338 624 πάντα
359 519 548 646 γνώριμα
569 553 743 638 ποιῆσαι
763 551 808 622 δι’
824 550 1119 642 triefinstaine]

188 655 394 843 1Ιξέ(ε)ιὶνίἰν.((ιζι’)
406 657 477 738 ἑνὸς
498 654 714 740 ποιήσασθαι
738 652 847 726 πάντα
871 652 1019 748 γνώριμα
1045 658 1122 744 βαβ-

544 941 629 986 GAP·
655 943 694 985 11.

137 1063 172 1144 t)
207 1055 259 1128 Τὸ
280 1065 351 1147 μὲν
373 1057 445 1128 ὀῦν
471 1060 579 1129 ε’ἴναί
606 1085 646 1128 τι
677 1101 693 1116 -
725 1099 742 1116 -
773 1102 791 1118 -
817 1103 835 1118 -
859 1058 943 1128 κατ’
967 1057 1118 1146 ἀυτὴν]

200 1165 291 1228 Haec
312 1165 411 1226 verba
431 1166 515 1228 haud
534 1163 642 1246 paullo
664 1161 772 1226 melius
789 1163 906 1229 Grotio
927 1165 1023 1230 vertit
1038 1167 1116 1231 Edi·

199 1279 255 1330 tor
285 1267 514 1330 Londincnsis:
558 1265 639 1329 Esse
669 1267 778 1348 igitur
806 1265 947 1350 aliquid
973 1269 1118 1349 Fatum,
1207 1331 1210 1338 ἡ

195 1388 409 1452 causamque
436 1367 528 1432 illud
549 1363 749 1430 censendum
772 1384 859 1440 esse,
898 1365 994 1448 quod
1012 1387 1116 1450 quae·

194 1467 277 1530 dum
298 1467 466 1548 fataliter
480 1466 585 1544 finnt.
637 1464 700 1528 Sed
727 1461 852 1526 videtur
879 1464 1045 1549 legendum
1077 1465 1117 1533 τὸ

194 1572 258 1654 μὲν
287 1561 346 1634 itio
371 1561 459 1635 a'inoi'
480 1590 513 1632 τε
543 1578 604 1630 etc.
648 1567 730 1629 Nam
756 1565 838 1630 infra
867 1571 978 1632 eodem
1002 1567 1117 1652 Capite

198 1664 332 1750 ζήτησις
354 1675 426 1756 περὶ
452 1669 510 1750 τῆς
538 1671 749 1758 ἑιμαρμένης,
782 1647 841 1734 οὖν
866 1670 894 1736 ἒν
920 1669 1008 1738 ἔστιν
1029 1683 1061 1735 et
1085 1671 1119 1736 in

198 1769 313 1856 Capite
332 1774 370 1836 de
382 1773 464 1836 Fato
484 1792 524 1834 ex
537 1771 640 1834 Libro
652 1771 701 1834 II.
718 1773 756 1833 de
771 1771 872 1835 anima
885 1772 968 1837 infra
987 1795 1022 1858 p.
1040 1775 1116 1840 tot.

195 1874 252 1938 ubi
285 1877 391 1938 eadem
425 1875 524 1938 verba
552 1871 667 1956 repetit
695 1873 878 1936 Alexander
907 1875 1040 1960 legimus
1076 1873 1116 1943 τὸ
1161 1897 1163 1910 ·

192 1984 255 2065 μὲν
284 1973 343 2044 ὀῦν
371 1977 453 2043 ἐῖναὶ
479 1999 513 2042 τε
542 1971 601 2054 τὴν
624 1975 820 2065 ἑιμαρμίνην
841 1977 958 2054 ἱκανῶς
980 1973 1001 2060 ἡ
1021 1975 1117 2060 κοινὴ

197 2081 260 2148 τῶν
282 2072 471 2168 ἀνθρώπων
500 2077 669 2158 συνίστησι
697 2071 876 2171 πρόληψις.
929 2081 1005 2144 Non
1022 2081 1117 2149 ’ἐῐναί

198 2208 240 2250 τι.
275 2183 348 2264 (0.)
508 2239 510 2244 .

21 2325 27 2337 ·
119 2289 167 2370 ’2)
199 2280 287 2354 0ὐὸ
306 2279 589 2377 Ἀναξαγόρας
610 2279 951 2376 ὃΚλαζομένισς]
966 2285 1114 2352 Docebat

197 2410 309 2477 ασαρρσ
326 2391 537 2476 Anaxagoras
556 2384 579 2454 ii
598 2395 658 2476 μὲν
678 2387 742 2480 γὰρ
761 2392 845 2458 ἐῐναι
864 2385 934 2456 κατ’
958 2385 1114 2476 ἀνάγκην,

192 2485 218 2559 0‘?
243 2487 382 2560 δὲκαθ’
406 2493 618 2578 ἑιμαρμὲνην,
647 2485 726 2558 ἃδέ
751 2490 1066 2584 κατὰπροαίρεσιν,
1089 2487 1114 2560 ἶν’

193 2599 228 2662 δὲ
250 2592 335 2662 κατὰ
359 2589 474 2682 τύχην,
510 2588 590 2660 δὲδὲ
620 2591 767 2662 κατὰτὸ
797 2591 996 2682 ἆντὸματον.
1031 2607 1112 2660 teste

193 2700 368 2764 Plutarcho
392 2700 432 2760 de
454 2695 562 2779 placit.
585 2698 704 2779 philos.
744 2699 840 2764 Libr.
869 2699 900 2762 1.
941 2697 1025 2782 Cap.
1055 2688 1110 2764 29.

194 2801 293 2867 Cons.
308 2801 407 2881 Bayle
429 2799 570 2863 Diction.
587 2800 774 2884 Historique
788 2801 838 2864 tit.
859 2798 1122 2884 Anaxagoran·
1214 2813 1220 2827 s

193 2926 237 2968 ex
258 2903 371 2987 quibus
391 2900 529 2963 videmus
551 2914 694 2964 nostrum
711 2924 775 2966 uon
794 2903 874 2965 bene
889 2901 1009 2983 cepisse
1023 2923 1112 2964 men·
1168 2941 1170 2948 ι

193 3009 256 3070 tem
283 3005 496 3087 Anaxagorae
522 3002 610 3086 quasi
632 3003 790 3065 docuisset
815 3007 918 3089 μηδὲν
938 3005 1002 3070 τῶν
1022 3029 1112 3090 ywe-

191 3112 296 3195 μένων
313 3107 470 3191 γίνεσθαι
489 3100 570 3170 καθ’
598 3105 800 3192 ἑιμαρμένην.
844 3104 993 3170 Ceterum
1012 3129 1112 3196 φασι·

195 3203 344 3276 aoraton
360 3209 588 3294 Anaxagoram
608 3207 744 3290 appellat
760 3207 851 3270 etiam
865 3208 980 3272 Sextus
1000 3209 1111 3290 Empi-

193 3310 277 3374 ricus
298 3312 371 3372 adv.
391 3307 497 3396 Math.
520 3311 655 3388 V11.§.
683 3299 735 3374 90.
759 3311 814 3373 ubi
835 3309 907 3374 vide
930 3309 1110 3374 Fabricium

194 3435 229 3498 p.
254 3413 329 3478 388.
351 3410 454 3476 nostri
473 3411 537 3475 loci
557 3434 622 3500 non
644 3412 871 3477 immemorem.
899 3414 974 3495 (Ο.)
1024 3409 1025 3414 ’
1048 3471 1050 3476 .

106 3520 141 3602 3)
169 3514 244 3584 οὐκ
266 3509 531 3596 ἀξιόπιστος]
564 3514 672 3578 Havn.
696 3512 766 3582 ἀλλ’
797 3512 987 3597 ἀξιόπιστος
1007 3517 1109 3584 Male.

193 3618 266 3700 (0.)
289 3619 464 3698 Utrumque
490 3614 560 3678 scil.
585 3618 766 3695 delendum,
792 3631 823 3682 et
842 3620 1030 3684 Havniensis
1046 3622 1110 3686 hoo

193 3717 283 3798 ἀλλ),
319 3731 351 3784 et
375 3718 566 3801 reliquarum
594 3714 662 3784 οὐκ.
706 3721 770 3801 Qui
793 3724 872 3787 haec
894 3721 1109 3807 interpossue·

192 3833 283 3900 runt,
320 3843 385 3888 non
420 3819 638 3906 intelligebant
675 3825 964 3900 constructionem:
1024 3821 1108 3894 Οὐδὲ

112 3993 114 3997 ,
186 3920 415 4016 Ἀναξαγόρας
436 3918 638 4005 ἀξιόπιστος.
681 3925 796 4008 (Oosp.
825 3927 942 4004 orell.)
