2804 4786
1072 438 1131 499 tot

149 601 153 608 ¹
218 611 379 680 intuetu
401 611 439 681 de
453 608 610 674 Fcbribus
630 606 799 672 novissime
822 599 947 672 editor
970 607 1028 671 Fr.
1049 606 1133 671 Pau

220 738 306 781 sorr.
330 713 413 800 Cap.
436 714 586 779 XXVII.
610 733 687 796 pag.
711 711 764 774 35.
809 710 882 792 (Ο.)
1226 716 1230 724 “

131 822 191 901 ¹7)
217 813 412 906 μηκύνειν
433 819 486 894 εἰς
506 810 638 882 πάντα
659 810 708 880 τὰ
728 808 956 900 λεγόμενα]
978 813 1024 890 ἒις
1045 812 1137 876 obest
1169 813 1173 820 “

220 922 252 988 in
274 919 381 986 Havn.
405 932 437 984 ct
457 917 594 981 Aldinis.
1133 991 1140 998 .

158 1025 194 1108 8)
219 1019 613 1113 παρατιθεμένους]
635 1019 713 1084 Ald.
730 1020 762 1081 1.
785 1020 1050 1108 παρατιθέμενα.

156 1130 191 1209 9)
212 1125 363 1195 Ὄντων
383 1128 424 1192 δὲ
445 1119 667 1204 πλειόνων]
697 1117 963 1187 ΑΙάἰαεεὌντων
984 1117 1024 1202 δὴ
1046 1122 1135 1186 πλει-
1179 1119 1182 1124 ’

222 1249 313 1297 θνων.
1170 1253 1179 1278 .-

137 1335 191 1414 10)
221 1327 291 1400 ὁτὲ
317 1337 391 1418 μὲν
417 1332 460 1396 δὲ
490 1323 542 1417 μὴ
570 1322 680 1395 ’δύτω
708 1311 970 1414 ἀναβαίνειν,
1006 1318 1074 1390 ὁτὲ
1095 1327 1138 1391 ὃὸ

223 1429 385 1513 ὁύτως)
403 1435 512 1496 Havn.
541 1423 595 1498 ὅτε
615 1437 675 1518 μὲν
693 1421 753 1498 ίίτε
776 1425 877 1515 δὲμὴ
899 1423 1002 1505 ὁύτως
1023 1426 1050 1492 ἕί
1070 1451 1139 1504 πως

222 1539 393 1624 συμβαίνει
415 1528 469 1604 ὅτε
490 1538 526 1602 δὲ
548 1529 651 1613 ὁιίτως
679 1555 721 1597 ex
752 1533 865 1620 quibus
881 1529 1000 1594 -verbis
1029 1550 1138 1594 veram

223 1640 362 1706 auctoris
384 1640 572 1723 scripturam
593 1638 639 1702 sic
666 1637 881 1723 refingendam
909 1633 1054 1700 existimo
1084 1626 1140 1712 ὁτὲΙ

220 1741 341 1833 μὲνδὴ
362 1739 407 1830 μὴ
430 1739 514 1809 doru
537 1741 743 1831 συμβαίνειν,
767 1733 822 1804 ὁτὲ
837 1740 873 1805 δὲ
888 1731 1008 1817 ὁιίτως,
1031 1735 1058 1802 ἒί
1071 1760 1141 1814 πως,

224 1847 407 1936 συμβαίνει.
439 1844 512 1926 (Ο.)
970 1831 973 1838 ’

139 1955 195 2040 11)
224 1948 376 2030 torar]
405 1946 486 2026 Θεὸς
503 1947 572 2012 seit.
583 1948 618 2009 h.
634 1946 658 2010 l.
671 1943 874 2010 foemininum
885 1954 920 2006 ut
935 1964 987 2024 ap.
1003 1940 1135 2005 Platon.

224 2057 263 2118 de
285 2054 370 2136 Rep.
394 2053 425 2114 1.
448 2044 698 2139 προςενξιίμενοι
718 2049 757 2141 τῇ
778 2047 862 2137 θεῷ.
883 2043 1044 2127 Loquitur
1065 2041 1135 2117 scil.

227 2169 338 2223 auctor
359 2157 397 2219 de
419 2153 519 2218 anima
539 2150 657 2217 mundi.
703 2151 775 2231 (0.)
873 2131 875 2138 Α

532 2278 618 2319 cur.
651 2276 752 2317 xxm.

133 2413 136 2422 ·
163 2359 248 2448 1)
226 2391 276 2442 ως
297 2355 456 2430 πάντων
478 2361 555 2427 τῶν
576 2356 706 2426 ὄντων
727 2368 787 2420 etc.
797 2355 811 2436 ]
834 2353 1005 2418 ItaHavn.
1029 2351 1138 2415 etBa-

228 2467 353 2554 golinus
376 2477 520 2529 vertensz
551 2460 635 2538 ficri
665 2460 781 2523 omniu
806 2458 946 2538 primis,
988 2455 1038 2516 Ιιίε
1073 2463 1144 2532 (εα-

227 2575 315 2653 rum)
337 2591 425 2653 quoe
446 2577 520 2650 post
545 2566 631 2632 haec
649 2559 745 2638 fiunt
771 2557 884 2620 causis
914 2551 1142 2618 existentibus.

227 2675 304 2740 Ald.
329 2679 359 2734 1.
384 2682 415 2734 et
435 2670 544 2733 Lond.
567 2656 677 2762 ὥςπερ
689 2659 753 2727 τῶν
774 2655 837 2723 τῶν
858 2651 985 2721 όντων.
1003 2652 1081 2716 Alc.
1108 2651 1143 2714 2.

228 2769 325 2863 ὥςτερ
347 2773 411 2840 τῶν
432 2769 544 2840 όντων.

165 2883 201 2964 2)
228 2904 330 2967 μετα
315 2872 503 2951 ταῦτα]
526 2871 712 2962 Legendum
733 2864 857 2928 videtur
879 2858 942 2925 τῶν
962 2851 1045 2944 μετὰ
1064 2879 1144 2921 ταν-

231 3006 292 3062 τα
323 2992 359 3041 ut
378 2975 552 3062 Bagolinus
574 2969 722 3035 reddidit.
765 2965 851 3028 Vide
872 2963 1003 3026 Notum
1011 2979 1144 3042 praece-

232 3086 369 3146 dentem.
399 3079 472 3160 (0.)
514 3076 691 3142 Inducenda
712 3068 926 3134 tantummodo
949 3073 996 3126 est
1017 3061 1144 3147 virgula

230 3197 305 3272 post
326 3185 509 3270 γινομένων.
551 3177 665 3258 (casp.
688 3173 807 3251 Orell.)

167 3288 310 3375 ὃπως
346 3281 391 3352 οὗ
427 3283 613 3378 φανερῶς
647 3270 800 3345 ἆπιίδει
834 3269 910 3338 τῶν
950 3259 1147 3358 πραγμά-

231 3414 328 3460 των·
319 3387 350 3474 ,]
375 3387 427 3451 Sic
441 3389 550 3450 Havn.
566 3397 597 3447 et
611 3346 785 3467 Bagolinus
808 3387 934 3440 vertens
958 3391 1026 3454 quo
1036 3376 1144 3452 pacto

229 3516 298 3560 non
326 3501 442 3572 aperte
472 3509 495 3551 α
520 3485 649 3552 rebus
638 3486 716 3565 ιρείε
748 3478 921 3543 dissonat?
962 3472 1046 3536 Edd.
1080 3467 1147 3546 πῶς
1265 3507 1268 3514 =

76 3669 79 3682 ,
230 3593 350 3665 ἆπιίδει
372 3592 435 3657 τῶν
456 3580 784 3674 duumviratum.)

167 3707 201 3786 1)
225 3668 473 3790 ἐλίείψεως]
487 3693 593 3756 Havn.
607 3685 787 3776 ἐκλείψεως.
797 3683 866 3747 Pro
882 3702 966 3745 κατα
976 3701 1015 3744 το
1030 3667 1146 3741 ποσὸν.

232 3804 309 3868 Ald.
334 3805 365 3864 1.
388 3823 473 3866 κατα
496 3791 607 3862 τόπον.

137 3963 140 3972 .
169 3906 325 3997 [τω]
355 3889 850 3980 κατατηννπαρχονσαν
872 3877 1072 3968 δυναιιιν]
1105 3874 1150 3966 tq*
1217 3949 1219 3954 ¹

230 4021 377 4082 tanquam
397 4015 576 4086 suspectum
596 3994 716 4078 uncinis
738 3988 860 4061 inclusi.
905 3985 978 4068 (Ο.)
