2782 4790
1078 401 1116 462 81

105 565 147 624 ad
176 564 428 628 conservandam
462 583 568 626 rerum
604 583 683 646 quae
708 563 740 626 in
762 565 886 628 Mundo
912 577 1001 640 snut,
1041 586 1118 629 con-

106 665 298 728 tinuitatem.
354 668 475 746 Neque,
492 665 564 729 ideo
588 667 758 730 ambulatio
785 688 876 732 causa
903 680 1006 746 caret,
1047 670 1119 752 quia

106 789 148 830 ex
171 769 337 851 surgendo
361 788 485 828 cansam
516 769 717 831 nonhabet:
751 789 853 852 neque
882 782 968 834 recte
997 773 1036 834 ad
1065 775 1119 834 ad·

106 873 289 933 struendam
316 891 480 931 causarum
503 869 586 932 inter
612 891 646 932 se
665 882 807 952 aptarum
829 872 940 934 seriem
964 874 1117 938 rationem

105 973 198 1036 istam
218 973 387 1048 adferunt,
420 974 506 1054 qnod
525 972 590 1036 sine
610 992 702 1060 causa
722 974 800 1037 nihil
816 975 881 1036 fiat.
927 975 1015 1042 Sient
1037 977 1119 1039 enim

105 1075 264 1140 motiones
288 1087 319 1137 et
341 1075 622 1156 temporishabent
648 1097 719 1138 suas
743 1097 874 1153 causas,
906 1100 970 1144 non
994 1080 1118 1161 quidem

106 1178 207 1244 motio
233 1190 449 1262 antegressam
476 1176 665 1251 motionem,
701 1199 803 1260 neque
828 1191 951 1260 tempus
974 1181 1007 1248 id
1033 1185 1120 1264 quod

105 1281 280 1364 praecessit
298 1292 444 1362 tempus,
474 1279 600 1362 pariter
623 1301 656 1340 se
678 1281 794 1346 habent
813 1279 901 1347 etin
924 1284 1119 1364 operationi-

103 1386 180 1459 bus,
206 1383 341 1466 quaein
370 1383 430 1446 illis
458 1394 489 1445 et
513 1403 572 1464 per
597 1381 651 1446 illa
672 1382 763 1449 fiunt.
808 1383 903 1446 Istius
933 1406 1012 1449 vero
1040 1409 1118 1450 con-

104 1486 254 1552 tinentiae
296 1506 407 1549 eoruui
440 1506 521 1570 quae
554 1485 633 1548 fiunt
674 1498 721 1549 est
763 1507 856 1550 causa
889 1485 1015 1571 aliqua,
1060 1511 1118 1572 per

108 1581 201 1674 quarn
225 1591 365 1656 Mundus
393 1609 473 1650 unus
507 1599 539 1650 et
560 1588 768 1670 sempiternus
792 1609 852 1671 per
876 1588 958 1654 idem
991 1593 1118 1660 eodem-

108 1715 168 1778 que
195 1695 293 1756 modo
315 1690 472 1774 perpetim
497 1690 639 1774 regitur:
679 1712 759 1774 quae
789 1714 863 1758 sane
893 1716 985 1758 causa
1014 1697 1117 1779 inqui·

107 1799 222 1872 reuda,
276 1817 340 1877 uon
373 1793 650 1878 praetermittenda
690 1806 755 1870 cst,
802 1818 865 1860 non
902 1807 1005 1860 tamen
1046 1800 1116 1864 talis

106 1900 310 1982 existimanda
330 1910 400 1973 est,
431 1909 465 1959 ut
487 1917 612 1978 semper
634 1917 683 1970 exi
698 1918 738 1962 eo
765 1902 853 1980 quod
874 1911 920 1962 est
939 1889 1114 1984 antiquius,

104 2005 159 2068 liat
184 2003 218 2067 id
244 2005 331 2086 quod
362 2013 411 2072 est
442 1997 618 2076 recentius,
663 2003 825 2082 quomodo
859 2002 890 2066 iu
918 2002 1117 2071 animantium

106 2119 179 2171 ortu
220 2103 406 2188 contingere
445 2101 599 2165 videmus.
666 2098 797 2166 Rationi
829 2103 911 2168 enirn
947 2107 1114 2189 congruit,

104 2220 136 2272 ut
162 2229 328 2274 causarum
362 2206 490 2290 aliquod
522 2203 562 2266 sit
592 2202 783 2286 principium
810 2209 897 2289 quod
925 2206 1015 2269 aliam
1046 2220 1117 2272 ante

104 2333 136 2375 se
159 2333 287 2374 causam
311 2309 563 2392 principiumque
593 2327 657 2370 non
682 2308 811 2370 habeat.
870 2310 946 2374 Nou
976 2310 1057 2376 enirn
1092 2312 1120 2375 si

105 2413 208 2478 omnia
249 2435 328 2498 quae
356 2413 434 2476 fiunt
465 2430 589 2472 cansam
621 2410 754 2488 hahent,
807 2411 880 2477 ideo
914 2426 944 2476 et
978 2415 1117 2482 omnium

104 2521 203 2601 (qnae
241 2518 333 2594 eunt)
355 2514 482 2598 aliquas
517 2533 646 2576 necesse
674 2525 722 2576 est
759 2535 827 2576 esse
862 2537 983 2581 causas.
1041 2519 1115 2584 Non

104 2621 183 2684 eninr
210 2631 385 2704 quaesunt
412 2639 448 2680 ea
470 2617 549 2677 finnt
573 2599 689 2680 omnia.
718 2619 727 2624 ”
747 2615 919 2696 Quomodo
941 2619 1024 2682 edim
1052 2642 1116 2683 non

104 2725 141 2788 sit
170 2727 346 2798 absonum,
397 2721 500 2782 dicere
534 2717 600 2784 sine
637 2718 699 2782 fine
739 2741 913 2786 causarum
939 2725 1117 2804 procedere

104 2849 289 2902 nnmerum,
328 2825 484 2908 talemque
508 2843 616 2888 earum
641 2842 710 2886 esse
735 2822 847 2888 scriem
871 2836 967 2908 atque
989 2849 1116 2902 nexum,

103 2943 135 2998 ut
161 2931 249 2996 nulla
271 2929 311 2992 sit
328 2940 380 2992 aut
402 2926 504 3014 prima
527 2943 579 2994 aut
605 2931 737 2996 ultima?
769 2935 849 2998 Nam
874 2935 978 3000 dicere
1001 2939 1117 3006 unllam

105 3056 170 3100 csse
204 3033 339 3114 primam
373 3053 516 3109 causam,
554 3033 587 3095 id
609 3055 734 3102 omnem
761 3057 885 3099 causam
911 3061 1029 3124 negare
1057 3055 1117 3108 est.

106 3137 233 3220 Quippe
263 3136 289 3198 si
321 3133 511 3216 principiinn
540 3137 656 3213 tollas,
696 3158 823 3202 neeesse
850 3151 896 3201 est
930 3142 1000 3206 tolli
1025 3145 1118 3208 etiam

105 3243 193 3324 quod
215 3250 290 3320 post
315 3237 417 3319 ipsum
437 3249 506 3314 est,
542 3251 637 3322 atque
667 3261 704 3301 ea
723 3240 845 3304 ratione
871 3243 1002 3306 tolletur
1025 3247 1118 3308 etiam
1171 3307 1173 3314 ,

105 3342 248 3408 scientia.
303 3343 386 3402 Nam
419 3338 549 3402 seientia
571 3341 703 3423 proprie
737 3354 784 3406 est
806 3343 978 3430 primarum
1008 3369 1120 3414 causa-

105 3469 175 3510 rum
209 3443 334 3512 notitia.
388 3441 448 3506 ,At
474 3446 642 3508 seeundum
669 3443 742 3507 illos
772 3445 803 3510 iu
836 3446 937 3520 causis
963 3448 1039 3516 nihil
1073 3463 1120 3515 est

106 3550 256 3632 primum.
301 3549 414 3628 Neque
445 3566 526 3607 vero
559 3547 661 3612 omnis
693 3547 812 3610 ordinis
840 3552 1052 3634 transgressio
1083 3577 1120 3618 ea

106 3650 233 3734 perimit
267 3649 298 3720 in
332 3647 444 3730 quibus
474 3647 522 3709 fn.
578 3647 669 3712 Fieri
695 3650 776 3714 enim
805 3663 913 3732 potest
946 3665 980 3715 ut
1008 3670 1120 3721 contra

15 3747 17 3808 l
106 3755 192 3840 rogis
216 3751 446 3816 ordinationem
473 3749 576 3840 aliqua
598 3749 691 3828 fiant,
728 3773 806 3834 quae
826 3766 929 3824 tannen
956 3779 1020 3821 nou
1043 3783 1117 3828 eva·

111 3861 186 3926 dunt
205 3854 312 3940 regnis
335 3851 482 3918 exitialia.
529 3854 598 3915 Nec
622 3851 745 3936 siquid
767 3851 878 3919 talei'n
904 3860 1028 3927 Mundo
1054 3863 1119 3936 flat,

809 3958 826 4020 6
