2758 4790
177 411 179 416 ,
243 353 305 448 ιιι
651 401 683 428 ,.

240 521 368 614 ἔχειν
351 523 407 588 καὶ
437 519 613 608 χίνεσθιιι,
649 506 796 612 ᾖέκεῖνα
821 515 977 598 συνέστη,
1006 515 1098 584 ποιεῖ
1122 535 1157 580 τι
1189 513 1245 580 καλ

240 621 380 746 πάσχει,
401 629 456 692 καὶ
474 619 533 700 τάς
558 616 716 712 ἡμετέρας
741 614 848 710 ὁρμάς
868 623 925 685 καὶ
946 619 1119 734 διαθέσεις
1143 613 1245 710 ταύτῃ

241 727 323 816 ἔχειν
348 722 391 806 ὡς
412 723 453 793 ἀν
474 727 592 792 ἐκεῖναι
612 723 767 842 ποιῶσιν,
795 715 941 808 ἀνάχκην
965 714 1088 801 ταύτην
1112 744 1169 786 και
1189 715 1250 798 τὴν

240 826 334 934 παρά
358 824 482 896 τοῦτον
510 827 555 905 έις
584 821 626 891 τά
649 821 731 892 ὄντα
754 815 931 910 εἰςάχουσι.
988 819 1065 890 Κάν
1093 817 1182 888 ἀλλα
1213 821 1250 886 δέ

241 957 292 1011 τις
305 925 457 1018 σώματα
484 924 618 1024 ἀρχάς
621 915 718 1018 διδῶ,
761 933 817 994 καὶ
845 929 879 992 ἐκ
909 920 1037 996 τούτων
1065 922 1108 992 τά
1138 919 1250 992 πάντα

147 1101 151 1109 ,
239 1036 439 1154 χίμνεμθαι,
460 1034 499 1128 τῦ
513 1015 660 1122 2)πα’ρυ“ι
681 1023 805 1096 τοῦτον
826 1023 971 1124 ἀνάχκῃ
974 1023 1138 1096 δουλεύειν
1159 1030 1254 1094 ποιεῖ

241 1135 285 1205 τὰ
319 1133 410 1204 ὄντα.
485 1135 524 1202 (λὶ
563 1136 597 1201 δὲ
639 1136 689 1200 ἐπὶ
724 1129 784 1214 τὴν
824 1134 882 1198 τοῦ
909 1129 1035 1210 παντὸς
1063 1127 1167 1220 ἀρχὴν
1196 1132 1249 1196 έλ-

241 1235 365 1332 θὸντες
386 1233 438 1305 ἀπ’
463 1233 566 1319 ἀυτιχς
588 1231 771 1323 κατάχουσι
792 1223 919 1316 πάντα,
942 1231 1000 1302 διά
1019 1229 1150 1302 πάντων
1171 1257 1252 1326 φοι·

241 1339 393 1442 τιχσασαν
422 1336 553 1422 ἀιτὶαν,
588 1346 645 1406 καὶ
672 1333 795 1420 ταύτην
823 1333 862 1404 οῦ
890 1332 993 1462 μόνρν
1019 1339 1174 1404 κινοῦσαν
1204 1336 1251 1418 ⁵),

242 1435 330 1512 αλλά
351 1448 406 1511 καὶ
427 1443 589 1511 ποιοῦσαν
611 1445 735 1509 ἕκαστα
756 1442 969 1527 λέχοντες,
952 1443 1150 1560 ιιμριρμένιχυ
1171 1432 1254 1508 ταῦ·
1273 1477 1281 1492 ι

243 1573 310 1640 την
323 1552 379 1614 καὶ
400 1540 597 1637 κυριοτάτην
619 1539 729 1611 ἀιτιαν
750 1546 907 1632 θέμενοι,
942 1537 1046 1624 ἀυτὴν
1075 1539 1180 1612 ὀῦσαν
1209 1537 1255 1610 τὰ

244 1645 369 1717 πάντα·
403 1643 440 1714 οῦ
457 1643 560 1736 μόνον
582 1644 625 1714 τὰ
647 1635 775 1712 ἀλλα“
756 1670 821 1715 οσα
842 1647 982 1770 χένεται,
1005 1641 1092 1714 ἀλλά
1113 1651 1169 1714 καὶ
1190 1641 1254 1724 τάς

229 1741 403 1874 ζςχμετέρας
425 1745 653 1832 διανοήσεις
638 1775 672 1815 εκ
699 1751 757 1831 τῆς
786 1751 905 1831 ἐκεινης
937 1745 1022 1818 ιένοιι
1049 1742 1252 1868 κινηματιον·

165 1929 168 1936 ,
243 1857 315 1946 οἷον
347 1849 431 1936 ζώου
450 1853 602 1970 μορίοιν
613 1848 658 1941 μὴ
687 1855 882 1939 κινουμένων
903 1847 1047 1919 έκάστιιν
1069 1847 1141 1932 έξ’
1122 1875 1251 1933 αυτινν,

245 1959 280 2024 ἐκ
302 1957 336 2052 δι’
362 1958 420 2023 τοῦ
440 1950 679 2075 ἡχεμονοῦντος
700 1956 733 2021 ἐν
754 1949 879 2047 έκάστρ
903 1958 965 2022 τάν
988 1949 1085 2036 ζώων.
1130 1947 1277 2022 Ἄλλοι»

219 2055 294 2128 δέ
315 2057 374 2141 τὴν
410 2061 468 2126 τοῦ
503 2055 628 2138 παντὸς
664 2054 774 2187 φορὰν
805 2061 1020 2150 περιέχουσαν
1051 2063 1106 2124 καὶ
1141 2053 1255 2126 πάντα

118 2161 122 2166 ’
167 2181 181 2198 ·’
242 2164 406 2231 ποιοῦσαν
433 2161 473 2256 τῇ
501 2157 642 2244 κινήσει,
677 2168 734 2228 και
754 2166 825 2240 τοῖς
845 2161 909 2228 τῶν
931 2157 1062 2254 ἀοτρων
1083 2163 1256 2249 πλανωμέ*

125 2301 129 2310 ·
172 2265 188 2276 ”
242 2291 307 2334 νων
336 2289 370 2332 τε
403 2269 459 2330 καὶ
487 2260 640 2332 ἀπλανῶν
669 2267 796 2384 σχέσεσι
823 2269 879 2332 καὶ
908 2273 1148 2353 σχηματισμοῖς
1169 2262 1255 2358 πρὸς

243 2365 392 2450 ἀλληλα,
425 2363 538 2434 διά
504 2393 564 2450 την
585 2369 618 2434 ἐκ
641 2361 765 2434 τοῦτον
786 2362 968 2460 πρόρρησιν
989 2358 1017 2449 ⁴)
1039 2361 1256 2496 πιστούμενρι

243 2473 368 2538 ἕκαστα
390 2469 544 2537 ἐντεῦθεν
564 2471 723 2557 χένεσθοιι
746 2465 885 2551 ἀξιοῦσι.
934 2472 1005 2538 Καὶ
1025 2467 1091 2559 μὴν
1112 2476 1168 2538 κοιλ
1190 2473 1256 2540 τῶν

244 2569 358 2664 ἀντίον
379 2569 556 2664 ἐπιπλοκὴν
576 2570 660 2663 πρὸς
681 2570 810 2656 ἀλληλιι
822 2623 831 2654 ,
869 2579 924 2640 καὶ
953 2569 1011 2640 τὸν
1032 2551 1205 2641 555555‘
1188 2601 1257 2661 ειρ-

244 2669 325 2762 μὸν,
362 2681 419 2741 και
446 2671 485 2766 τὸ
518 2679 662 2743 ἕπεσθαι
694 2681 764 2754 τοῖς
778 2679 978 2796 προτέροις
978 2673 1028 2743 ἀεὶ
1051 2673 1094 2743 τά
1114 2669 1256 2769 ὕστεροι,

187 2791 207 2800 ’“
244 2783 302 2844 καὶ
329 2779 437 2870 ταῦτα
469 2772 514 2844 ἐπ’
545 2780 650 2845 ἐκεῖνα
678 2775 803 2850 ἀνιέναι
825 2775 908 2846 διΗ
889 2780 1004 2846 αυτιῦν
996 2775 1176 2888 γενόμενα
1198 2787 1256 2850 καὶ

245 2877 325 2948 ἀνευ
346 2879 479 2974 έκεὶνιιν
508 2875 567 2972 ἀυκ
596 2877 637 2949 ἀν
665 2878 821 2970 γενόμενα
845 2877 1013 2950 δουλεύειν
1041 2907 1074 2951 τε
1098 2890 1166 2963 τοῖς
1188 2881 1256 2976 πρὸ

247 2967 357 3050 ἀυτῶν
386 2979 429 3049 τά
456 2974 588 3075 ῦστερα.
641 2987 800 3052 Ταῦτα’
785 2987 812 3053 α’
839 3011 889 3065 τις
918 2988 1036 3072 λέχει,
1055 2988 1254 3108 έιμοιρμένην

249 3087 362 3176 ἕτερον
383 3080 507 3212 τρόπον
521 3081 656 3174 έιςάχων
677 3089 840 3179 φαίνεται.
874 3085 1012 3186 Διττοῦς
1003 3087 1095 3158 δέ’
1072 3116 1114 3158 αν
1128 3116 1178 3170 τις
1192 3094 1257 3158 θέ-

245 3195 343 3277 μενος
364 3193 420 3254 καὶ
442 3184 578 3308 τοῦτρυς
595 3191 645 3311 ,53)
668 3187 727 3257 οῦκ
748 3188 790 3260 ἀν
811 3192 870 3259 τοῦ
892 3187 1086 3314 ἀληθοῦς
1064 3218 1255 3314 αποτυχχα.

247 3289 310 3359 νοι
345 3291 477 3386 Οὶμέν
459 3288 562 3384 νχάρ
583 3287 642 3386 ἀφ
666 3288 737 3372 ένός
757 3319 847 3374 τινος
867 3290 910 3362 τά
930 3290 1040 3364 πάντα
1054 3291 1255 3392 ἀναρτῶσιν

248 3421 281 3460 οι
272 3396 338 3461 δέ
361 3389 421 3492 οὐχ
442 3389 537 3462 ὁῦτω
578 3392 871 3490 Λεχθήοεταιέ
836 3400 871 3464 δέ
903 3405 977 3491 περι
997 3395 1130 3468 τοῦτον.
1180 3401 1255 3468 Νῦν

199 3495 202 3500 ’
249 3497 324 3564 δέ
308 3501 359 3563 επὶ
380 3494 456 3576 τοῦς
477 3493 627 3589 πρώτους
655 3495 740 3568 ιτέον
767 3503 813 3592 τῷ
841 3495 948 3593 λόχῳ
985 3497 1038 3570 εἰτ
1069 3504 1183 3596 ἐφεξῆς
1212 3500 1254 3570 τά

241 3600 312 3716 τιῦν
334 3595 478 3694 ἀλλων’
463 3606 679 3670 ιπισκεπτέον.
