2782 4790
267 441 326 510 14⁶
400 431 408 440 “

250 610 326 682 ,οὐκ
349 611 486 694 ἐίξαντες
508 613 581 688 ταῖς
605 607 807 703 φαντασίαις
830 613 901 689 τοῖς
922 602 1057 697 ἀλόγοις
1082 613 1145 680 τῶν
1168 611 1277 684 ἀλλων

267 713 356 801 ζώων
378 712 613 806 παραπλησίως
641 708 759 790 ἀυταῖς
791 708 968 802 ἑπόμεθα,
1010 711 1218 803 συμβούλους
1243 744 1278 790 τε

266 818 540 912 παρακαλοῦμεν,
577 809 634 894 ὁύς
658 810 700 883 ἀν
729 815 862 903 έιδῶμεν
890 819 988 884 πλέον
1015 841 1048 884 τι
1077 819 1278 905 δυναμένους

267 920 357 1012 ῆμιῦν
378 923 423 998 ἐις
446 917 505 1002 τῆν
530 919 636 1010 κρίσιν
657 919 721 987 τιῦν
743 913 978 1010 προκειμένων,
999 925 1054 988 καὶ
1076 917 1278 1014 τῆνάίρεσιν
1324 955 1330 966 =

267 1020 495 1118 συνάρασθαι.
527 1020 618 1104 Ἤδη
647 1024 683 1090 δὲ
703 1028 777 1113 περὶ
797 1023 862 1090 νῦν
878 1017 1033 1110 μειζόνων
1057 1030 1113 1092 καὶ
1131 1029 1278 1114 χαλεπω-

265 1132 366 1221 τέρων
383 1123 442 1195 οῦκ
464 1121 620 1213 όκνοῦμεν
640 1121 850 1214 συμβούλους
866 1130 922 1192 καὶ
940 1123 1018 1206 τούς
1040 1125 1145 1207 θεούς
1168 1155 1279 1221 παρα-

265 1237 389 1314 καλεῖν,
427 1225 591 1311 ἀξιοῦντες
611 1224 818 1319 παρ”’ἀυτῶν
842 1233 970 1315 μαθεῖν
994 1225 1016 1311 ῆ
1041 1227 1099 1298 διά
1122 1233 1280 1322 χρησμῶν

263 1331 356 1418 ῆδιόι
374 1327 584 1421 συμβούλων,
605 1328 626 1412 ῆ
644 1328 683 1398 δι’
701 1328 842 1424 ὀνείρων,
853 1327 919 1415 ²4),
944 1327 1088 1426 ὁποτέρα
1102 1333 1167 1426 χρῆ
1189 1337 1278 1422 μάλ-

264 1442 321 1508 λον
340 1432 425 1525 ῆμάς
446 1437 587 1503 ἑλέσθαι
611 1436 675 1502 τῶν
696 1436 906 1522 ζητουμένων.
945 1431 1076 1506 Ἰκαναὶ
1098 1441 1133 1506 δὲ
1159 1445 1217 1506 καὶ
1242 1444 1279 1508 αἱ

263 1539 464 1630 νομοθεσίαι
488 1539 587 1604 τοῦτο
613 1539 774 1618 συστῆσαι
799 1536 869 1620 ²⁵),
907 1539 939 1608 έν
966 1534 1021 1618 ἀῖς
1046 1542 1279 1622 διδασκαλίαις

265 1669 298 1712 τε
323 1644 419 1710 τιυιῦν
441 1636 602 1708 κολούεται
622 1646 678 1707 καὶ
701 1636 943 1731 προςτοίσσεται
963 1639 1008 1709 τά
1026 1649 1184 1729 ποιητέα,
1221 1652 1280 1718 καὶ

262 1747 421 1834 τιμῶνται
444 1751 504 1832 μὲν
525 1747 557 1810 οἱ
572 1739 770 1832 πειθόμενοι
789 1739 936 1825 τούτοις,
966 1742 1166 1828 κολάζονται
1186 1752 1222 1817 δὲ
1247 1752 1280 1818 οἱ

262 1844 317 1936 μῆ.
355 1844 461 1915 Ἀλλὰ
484 1843 550 1936 μῆν
573 1844 668 1925 ὄντος
690 1852 728 1935 γε’
747 1873 836 1925 τινος
854 1844 903 1941 ἐφ’
923 1843 1018 1936 ῆμῖν,
1041 1840 1104 1918 ’καὶ
1127 1850 1166 1918 τό
1189 1851 1279 1922 ένδε-

258 1947 398 2040 χόμενόν
414 1952 522 2017 ἐστιν·
556 1951 617 2037 έίγε
636 1946 685 2043 ἐφ’
710 1946 786 2037 ῆμῖν
804 1953 873 2018 ἐστι
892 1947 932 2017 τό
954 1977 989 2020 τε
1010 1954 1134 2046 πρᾶξαι
1155 1961 1212 2023 καλ
1237 1953 1278 2024 τὸ

260 2050 315 2144 μῆ.
364 2049 492 2122 Τούτου
521 2055 557 2121 δὲ
579 2050 695 2135 ὄντος,
728 2048 892 2122 ἀδύνατον
920 2050 1104 2142 ἀναγκαῖον
1129 2061 1214 2128 ε’ῐναι
1236 2057 1277 2128 τό

259 2158 317 2239 τῆς
335 2159 549 2250 ἑιμαρμένης,
571 2152 608 2226 ὃν
627 2159 660 2224 έν
682 2151 828 2238 τούτοις,
858 2158 891 2233 έν
913 2152 964 2236 ίῖς
985 2161 1040 2225 καὶ
1061 2157 1100 2226 τὸ
1123 2157 1173 2254 ἐφ’
1196 2157 1278 2251 ῆμΐν

257 2260 320 2348 ἔχει
342 2255 463 2351 χώραν.
502 2256 632 2328 Ἱκαναὶ
649 2263 685 2326 δέ
705 2265 761 2326 καὶ
783 2263 818 2326 αλ
835 2256 918 2383 πρὸς
938 2257 1015 2339 τοὺς
1037 2260 1179 2342 θεούς’
1163 2271 1276 2354 ευχαλ,

258 2365 321 2431 τῶν
341 2391 365 2448 μ
366 2370 400 2430 ἐν
418 2357 611 2454 ἀποτροπήν
626 2386 721 2481 τινων
725 2359 937 2483 ἀιτουμένων
956 2389 1026 2455 παρ
1058 2361 1186 2451 ἀντιῦν,
1208 2394 1276 2438 των

257 2467 293 2533 δὲ
322 2460 416 2534 δόσιν
451 2461 613 2552 ἀγαθῶν,
650 2459 694 2544 ὡς
723 2461 825 2533 όντων
852 2467 947 2534 τινιῦν
976 2418 1188 2556 ένδεχομένωῦ
1216 2478 1277 2542 καὶ

257 2573 495 2658 γενέσθαικαὶ
518 2565 580 2655 μῆ,
618 2565 674 2636 διὰ
695 2564 754 2650 τῆν
778 2563 939 2660 ῆμετέραν
967 2563 1098 2652 ἀίτησιν
1121 2569 1185 2642 ῦπό
1209 2601 1276 2646 των

258 2673 349 2741 θεῦν
374 2673 539 2753 συστῆσαι
561 2667 599 2738 τό
630 2671 712 2738 ἐῖναί
736 2696 812 2740 τινα
840 2668 1040 2761 ἐνδεχόμενα.
1078 2669 1185 2744 Ἀλλά
1206 2677 1275 2767 μῆιι

258 2783 314 2844 καὶ
331 2779 366 2842 έκ
381 2775 439 2856 τῆς
454 2776 597 2867 φυσικῆς
613 2769 800 2852 συστάσεως
818 2776 881 2842 τῶν
897 2772 1000 2846 όντων
1014 2774 1155 2848 ἑκάστου
1170 2779 1272 2852 τοῦθ’

257 2873 328 2948 όῖόν
352 2903 386 2947 τε
410 2881 633 2965 καταμαθεῖν.
682 2872 732 2944 Ἡ
746 2874 811 2969 γὰρ
836 2873 938 2970 φύσις
959 2875 1043 2964 ἀυτῆ
1067 2889 1136 2962 τοῖς
1156 2893 1218 2971 μὲν
1232 2888 1275 2970 ,ἐξ

172 3024 176 3033 -
257 2978 402 3070 ἀνάγκης
437 2977 510 3049 όῦσί
544 3007 578 3050 τε
606 2985 661 3048 καλ
686 2984 889 3069 γιγνομένοις
912 2978 1066 3072 οὐδεμίαν
1090 2986 1273 3070 ἐπιτηδειό-

256 3111 338 3169 τητα
353 3082 442 3177 πρὸς
459 3080 678 3174 ἀντικείμενον
700 3083 812 3166 ἔδωκε,
843 3081 904 3166 τῆν
924 3088 960 3152 δέ
979 3083 1273 3175 ἀνεπιτηδειότητα

256 3186 338 3282 πρὸς
359 3184 523 3264 ἀδύνατα·
545 3183 653 3314 μάτην
677 3184 741 3278 γὰρ
769 3187 848 3268 ἕξειν
872 3188 982 3275 ἔμελλε
1008 3189 1068 3273 τῆν
1089 3192 1272 3278 ἐπιτηδειό-

254 3318 338 3375 τητα
356 3288 439 3384 πρὸς
460 3289 519 3374 τῆν
541 3295 586 3370 έις
610 3291 718 3357 ταῦτα
738 3287 985 3378 μεταβολῆν,”
965 3319 1047 3362 οντα
1068 3303 1124 3364 και
1145 3295 1271 3368 ἀδύνα-

205 3400 208 3410 ’
254 3422 297 3464 τα
325 3393 479 3474 ἀλλως”
460 3419 551 3483 εχειν.
601 3389 806 3484 Ορῶμεν
767 3420 832 3484 γαρ
863 3385 915 3464 ότι
946 3392 1021 3464 όύτε
1050 3395 1089 3466 τό
1118 3402 1184 3495 πῦρ
1217 3401 1269 3487 ²⁶)

253 3500 316 3588 ἔχει
338 3495 477 3587 δύναμιν
499 3492 712 3591 ψυχρότητος
733 3498 766 3562 ἐν
787 3492 894 3589 ἀντῷ,
928 3494 1002 3568 όύτε
1023 3496 1143 3590 ῆχιών
1164 3511 1269 3592 μελα-

251 3603 341 3684 νίας,
373 3598 446 3670 ὀύτε
469 3598 511 3667 τα
525 3595 640 3720 βάρεα
664 3594 891 3692 κουφότητος,
924 3600 1065 3688 μένοντά
1093 3632 1129 3692 γε
1159 3605 1269 3678 τάυτά

251 3699 275 3774 ἀ
292 3709 380 3773 ἐστιν
397 3707 461 3786 ²⁷),
494 3699 568 3770 ύύτε
591 3727 623 3768 τι
644 3702 708 3770 τιῦν
729 3699 843 3772 ἀιδίων
864 3707 924 3772 τοῦ
946 3709 1138 3800 φθαρῆναι.
1187 3719 1268 3794 Τοις

251 3813 286 3877 δὲ
312 3805 372 3876 οῦκ
393 3799 618 3932 ἀναγκαῖόν
602 3829 634 3872 εν
659 3808 798 3898 θατέρω
827 3809 891 3876 τῶν
915 3804 1145 3932 μντικειμένων
1170 3812 1267 3910 ἀφω-

250 3916 407 4034 ρισμένφς
439 3910 521 3977 ε’ῐναί
547 3933 580 3975 τε
608 3913 664 3974 και
686 3912 794 3996 μένειν
821 3905 945 3992 τάντά,
981 3919 1037 3982 καὶ
1064 3919 1122 4036 τῆς
1150 3921 1197 3998 εἰς
1225 3916 1265 3988 τὸ

250 4012 469 4102 ἀντικείμενον
502 4013 736 4100 μεταβολῆς
720 4037 755 4078 εκ
786 4007 915 4103 φύσεως
946 4015 1027 4102 ε’χειν
1064 4017 1122 4099 τῆν
1153 4048 1263 4116 παρα-
