2828 4792
1096 417 1135 480 tt

129 591 234 646 statut
244 579 441 666 inquosnnt‚
454 587 588 664 poeumt
598 579 774 646 admittere.
796 573 895 665 Quod
904 582 933 648 si
942 605 979 648 ee
990 605 1054 652 non
1064 595 1138 668 sunt

129 684 324 762 necessario,
349 682 495 769 ambigue
510 683 621 768 igitur.
660 687 763 767 Quod
780 708 859 750 vero
875 687 1021 773 ambigue
1037 687 1085 752 est
1104 687 1138 752 in

128 789 252 872 aliquo,
265 789 297 852 id
308 810 371 853 non
384 799 432 852 est
446 810 487 852 ex
502 787 697 866 necessitate,
714 792 772 854 sed
786 792 874 874 qnod
885 789 1026 874 ancipitis
1037 789 1136 856 sitfe-

128 893 271 957 cultatis.
294 893 504 973 Quodeutem
519 891 607 956 sicin
618 892 725 976 aliquo
737 905 797 970 est,
814 893 847 958 id
860 894 892 956 in
908 915 947 975 eo
958 894 1062 978 potuit
1073 916 1139 958 non

127 1017 213 1062 esse.
249 997 309 1058 Est
323 996 405 1060 enim
420 998 569 1080 quodque
587 994 715 1059 illorum
729 996 760 1058 in
781 1017 820 1062 eo
839 996 872 1060 in
890 1019 955 1080 quo
972 1009 1040 1074 est,
1064 997 1138 1063 ideo

127 1100 206 1184 quia
220 1099 350 1180 perinde
370 1099 403 1162 in
421 1120 548 1164 ecesse
570 1090 714 1181 poteret,
750 1112 803 1163 aut
821 1101 887 1164 hoe
907 1112 960 1162 aut
981 1103 1069 1184 quod
1090 1113 1140 1186 est

126 1214 246 1266 contra
262 1202 401 1284 positum
415 1224 423 1266 ε
447 1201 480 1266 in
494 1223 559 1284 quo
575 1212 678 1264 eutem
700 1221 811 1265 eorum
826 1203 959 1266 alterum
973 1226 1057 1268 nune
1075 1215 1135 1281 est,

125 1326 194 1368 non
216 1304 346 1370 omnino
360 1304 539 1368 necessario
554 1304 586 1368 in
601 1325 640 1368 eo
653 1315 701 1366 est
715 1316 851 1386 propter
862 1305 1044 1370 fectdtatem
1061 1329 1138 1372 ven-

124 1407 252 1472 -satilem
265 1411 475 1490 adutramque
489 1419 612 1490 partem
627 1405 872 1472 contrariorum.
896 1409 985 1489 Quae
1000 1430 1080 1474 vero
1091 1410 1139 1474 sic

124 1523 201 1575 sunt
218 1511 250 1574 in
268 1513 364 1574 rebus
374 1511 468 1590 ullis,
494 1532 530 1575 ea
546 1510 591 1574 ibi
612 1532 678 1576 non
693 1523 765 1574 sunt
780 1533 839 1593 per
854 1534 963 1576 causes
975 1511 1135 1594 proiectas

124 1626 156 1678 et
177 1613 368 1678 necessisate
393 1617 555 1678 ducentes.
600 1615 707 1698 Quare
727 1615 754 1678 si
780 1617 884 1680 omnis
905 1637 985 1700 quae
1010 1616 1136 1683 suntin

123 1719 225 1780 rebus
250 1717 403 1782 utramvis
428 1715 663 1782 contraniontm
683 1730 805 1800 partem
827 1719 970 1802 recipere
993 1719 1135 1798 idoneis,

123 1820 173 1884 ibi
194 1832 268 1884 sunt
290 1820 418 1904 ancipiti
436 1833 570 1898 eventu,
593 1821 649 1885 ubi
663 1833 756 1898 sunt,
781 1833 813 1884 et
827 1843 892 1888 non
909 1835 982 1888 sunt
996 1824 1053 1890 ubi
1069 1845 1136 1892 non

122 1934 221 2000 sunt,
256 1923 399 2007 sequitur
418 1923 582 2006 innumero
604 1945 671 1988 esse
694 1945 807 1990 eorum
825 1947 905 2008 quae
926 1938 1014 1990 sonte
1035 1927 1136 1992 ambi·

123 2047 188 2112 gua
219 2024 282 2088 sint
303 2026 454 2110 fiantque.
511 2027 703 2090 Absurdumn
719 2049 799 2092 vero
825 2029 866 2092 sit
887 2030 991 2093 dicere
1014 2030 1135 2114 pariter

124 2151 168 2194 ex
184 2129 376 2194 necessitate
399 2151 468 2194 esse
492 2127 526 2194 in
552 2129 658 2212 aliqua
678 2150 715 2192 re
736 2141 802 2194 tam
828 2151 865 2195 ea
894 2153 974 2214 quae
998 2133 1032 2196 in
1057 2155 1136 2199 con·

123 2232 262 2296 tranium
279 2232 365 2297 flecti
387 2245 564 2318 nequeunt,
589 2254 682 2316 quam
698 2253 735 2298 ea
752 2252 833 2317 quae
855 2233 968 2318 quovis
990 2245 1136 2317 tempore

41 2349 43 2360 ’
123 2358 190 2400 non
213 2335 314 2400 miuus
331 2335 378 2398 sie
396 2358 490 2419 quam
504 2336 596 2400 aliter
613 2357 647 2400 se
671 2337 789 2400 habene
810 2348 957 2419 possunt.
1001 2337 1035 2401 Si
1055 2338 1137 2403 enim

123 2461 207 2522 quae
232 2437 413 2519 necessanio
446 2451 519 2502 sunt
551 2439 583 2502 in
614 2438 739 2522 aliquo,
774 2441 853 2502 haee
879 2439 911 2504 in
940 2441 1134 2508 eontrarium

123 2541 242 2606 mutari
262 2563 328 2606 non
341 2552 504 2625 possunt,
528 2563 593 2607 non
614 2553 687 2606 sunt
707 2541 753 2606 ibi
772 2543 970 2608 necessario⁸

143 2652 150 2666 '
604 2647 651 2708 Χ.

189 2748 310 2816 Dicere
331 2770 412 2812 veno
434 2746 571 2833 quodsi
592 2749 676 2814 Fato
704 2748 786 2814 fiunt
814 2749 919 2815 omnia
945 2769 1006 2813 nec
1031 2761 1141 2816 tamen

124 2852 197 2916 tolli
219 2852 253 2916 id
274 2855 362 2934 qnod
382 2863 414 2914 et
432 2864 543 2934 potest
563 2851 656 2928 fieri,
689 2855 838 2934 quodque
860 2853 1042 2938 ambiguum
1063 2865 1133 2932 est„

124 2955 199 3021 ideo
228 2959 318 3040 quod
343 2955 445 3038 possit
472 2955 505 3020 id
532 2955 624 3019 omne
652 2954 724 3052 fieti
747 2959 835 3038 quod
855 2957 940 3020 nulla
961 2957 1135 3041 res'impe·
1244 3022 1247 3028 ,

125 3056 212 3135 diat,
259 3059 427 3142 quominus
455 3058 526 3124 fieri
553 3058 678 3140 possit,
722 3058 866 3141 quamvis
887 3081 953 3122 non
974 3060 1051 3137 fiat,
1090 3061 1135 3126 eis

125 3184 209 3226 vero
233 3183 313 3246 quae
336 3161 419 3226 Fato
441 3162 542 3240 fiunt,
560 3160 644 3224 nihil
667 3160 842 3238 obstiterit,
867 3162 1034 3245 quominus
1057 3186 1136 3230 eon-

123 3266 260 3330 trarium
283 3287 395 3331 eorum
416 3264 520 3331 fieret.
565 3264 673 3346 Quane
696 3286 732 3328 ea
755 3264 959 3331 etiamsinon
981 3266 1134 3348 proveni·

126 3380 200 3446 ant,
224 3368 258 3432 in
281 3389 395 3434 eorum
416 3380 519 3434 umen
541 3389 610 3432 esse
632 3389 764 3432 numero
786 3389 867 3450 quae
890 3389 958 3432 esse
978 3381 1144 3450 possunt,'¹

126 3483 159 3536 et
180 3484 217 3534 ut
238 3474 379 3554 probent
407 3471 484 3536 nibil
514 3472 674 3536 obstitisse
701 3470 868 3555 quominus
891 3470 980 3548 aliter
1000 3471 1132 3550 fierent,

125 3597 224 3642 notun
253 3575 387 3641 adferre
411 3586 630 3661 angmentum
662 3577 750 3660 quod
781 3595 832 3638 res
863 3573 897 3640 id
927 3575 1145 3658 prohibentes*

125 3677 220 3742 nobis
253 3677 315 3741 sint
345 3677 497 3764 ignotae,
536 3699 607 3752 cum
634 3689 738 3741 tamen
766 3679 828 3742 sint
855 3678 1004 3762 aliquae:
1048 3681 1145 3744 Naue¹

126 3801 209 3864 qnue
233 3801 344 3845 causae
367 3795 439 3844 sunt
461 3805 517 3846 cur
538 3779 698 3846 contraria
725 3781 793 3846 istis
822 3781 934 3846 fierent
961 3803 1005 3846 ex
1026 3783 1131 3860 Fato,

129 3875 374 3948 easdem'fuisse
397 3907 505 3950 causes
527 3907 585 3950 eur
606 3885 666 3947 ista
687 3905 751 3950 non
766 3884 901 3948 fierent:
924 3885 997 3968 quia
1012 3886 1131 3950 seilicet

129 3987 198 4052 nui
226 3987 411 4069 nequibat„
437 4000 471 4054 ut
498 3988 530 4052 in
558 3987 666 4052 iisdem
696 3987 848 4054 adiunctis
870 3987 982 4071 positis
998 4001 1131 4055 ‘eontra-
