2828 4792
1100 423 1139 486 tt

138 597 179 658 ab
207 587 362 658 animante
384 583 554 656 secundum
580 592 754 656 animantis.
799 590 917 656 Dicimt
935 593 1043 656 deinde
1064 591 1140 656 nibil

139 719 252 762 comum
275 717 354 779 quae
380 695 480 771 liunt,
505 697 675 758 secundum
693 695 857 778 propriam
875 693 1026 779 coituque
1048 707 1139 758 natu-

138 823 206 863 ram
236 799 329 862 aliter
354 819 388 861 se
410 800 526 861 babere
548 819 660 880 posse,
695 801 751 860 sed
771 797 907 881 quidque
925 818 1034 860 eorunm
1060 817 1140 879 quae

138 903 218 964 fiunt
241 924 260 964 a
284 922 466 985 nequaque
491 900 561 966 fieri
585 900 781 976 necessario,
815 923 880 964 non
904 913 1007 964 tamen
1027 922 1063 964 ea
1085 921 1140 962 ne-

138 1004 305 1079 cessitate,
330 1025 410 1086 quae
431 1017 481 1067 est
495 1027 555 1088 ρει·
576 1004 774 1079 violentiam,
799 1005 854 1068 sed
875 1004 947 1088 quia
961 1006 1048 1088 quod
1065 1023 1141 1066 eve·

136 1107 202 1182 nit,
234 1127 299 1170 nou
324 1106 429 1188 potuit
454 1099 519 1170 non
544 1107 692 1182 evenire,
728 1121 768 1170 eo
786 1106 857 1188 ipso
875 1108 962 1189 quod
983 1129 1053 1168 cum
1078 1105 1141 1178 cir·¹

138 1209 325 1272 eumstantia
346 1219 449 1272 essent
470 1209 565 1286 talia,
589 1231 654 1273 non
672 1208 776 1292 potuu
794 1229 859 1272 non
880 1209 919 1269 ab
941 1208 985 1270 eis
1007 1208 1141 1272 eircum-

136 1311 205 1374 sisti
229 1333 266 1374 ac
286 1310 421 1394 proinde
443 1332 502 1376 nee
524 1313 615 1376 aliter
637 1323 668 1374 et
690 1333 755 1374 non
777 1310 823 1373 sic
848 1309 990 1373 moveri:
1027 1312 1141 1393 Neque

138 1413 222 1476 enim
240 1414 374 1496 lapidem
396 1413 423 1478 si
444 1417 483 1476 de
504 1414 628 1478 sublimi
644 1413 776 1478 iaciatur
792 1433 888 1495 posse
903 1433 973 1479 non
986 1411 1071 1480 ferri,
1086 1414 1141 1475 de-

137 1537 266 1595 orsum,
303 1517 332 1580 si
359 1515 436 1579 nihil
460 1517 629 1600 impediat,
667 1516 812 1580 nimirum
845 1514 918 1598 quia
945 1514 1025 1596 lapis
1053 1514 1141 1578 inse

138 1619 328 1704 gravitatem
357 1619 471 1696 habet,
505 1621 555 1684 eui
580 1623 750 1684 secundum
777 1631 923 1682 naturum
947 1618 1081 1702 propria
1101 1617 1141 1681 sit

137 1722 292 1787 eiusmodi
319 1721 442 1798 motio,
478 1721 526 1788 uti
555 1723 646 1788 etiam
672 1734 821 1788 externae
854 1743 965 1790 causae
995 1724 1036 1786 ad
1060 1723 1142 1786 hane
1193 1707 1194 1719 ¹

137 1827 308 1888 secundum
329 1835 471 1890 naturam
496 1827 667 1890 motionem
693 1826 788 1908 lapidi
808 1825 1020 1908 opitulentur,
1057 1825 1145 1907 lapi·¹

137 1930 210 1992 dem
224 1929 404 1992 necessario
422 1927 466 1993 ita
475 1928 570 2007 ferri,
594 1941 628 1992 ut
639 1941 729 2001 natus
744 1940 792 1992 est
807 1928 904 2006 ferri,
928 1941 960 1992 et
973 1940 1139 2012 praeterea

137 2030 245 2094 itidem
270 2053 312 2094 ex
337 2032 521 2096 necessitate
545 2036 652 2096 adesse
677 2033 707 2096 ei
727 2053 836 2096 causas
858 2031 950 2109 alias,
981 2053 1040 2113 per
1062 2053 1140 2114 quas

137 2145 214 2196 tune
230 2135 400 2212 movetur,
423 2135 467 2199 ita
486 2145 522 2198 ut
546 2135 607 2198 illis
626 2136 845 2200 accedentibus
870 2156 934 2198 nou
955 2134 1058 2216 possit
1074 2155 1140 2198 nou

138 2236 281 2312 moveri,
314 2237 384 2322 'imo
411 2260 452 2302 ex
473 2238 657 2302 necessitate
686 2250 762 2302 tune
788 2230 971 2314 moveatur,
1006 2236 1138 2320 fierique

137 2340 220 2402 hane
240 2338 412 2404 motionem
437 2363 455 2404 a
477 2342 560 2406 Fato
582 2364 641 2424 ρει·
662 2343 809 2424 lapidem.
853 2343 997 2406 Eandem
1022 2362 1091 2404 esse
1109 2351 1140 2404 et

136 2441 168 2506 in
183 2443 252 2506 aliis
267 2446 362 2506 nebus
376 2444 543 2508 rationem.
582 2446 669 2510 Siout
682 2458 784 2510 autem
798 2466 850 2510 nes
868 2466 902 2510 se
916 2445 1012 2508 habet
1025 2443 1058 2510 in
1073 2443 1140 2506 ani-⁴

138 2567 208 2610 mae
237 2546 442 2629 expertibus,
468 2548 550 2630 pari
573 2553 674 2612 modo
694 2571 761 2612 eam
787 2569 829 2619 se⁴
845 2549 963 2610 habere
985 2547 1091 2610 dieunt
1109 2547 1141 2612 iu

139 2649 304 2727 muneris,
337 2651 454 2733 quippe
475 2664 507 2716 et
528 2651 733 2729 animantibus
755 2653 908 2734 quandam
936 2671 1003 2714 esse
1028 2669 1140 2712 seeun-

140 2755 213 2816 dum
234 2766 378 2834 naturam
399 2754 587 2831 motionem,
619 2777 688 2820 eam
705 2754 849 2818 niunirum
871 2775 956 2837 quae,
969 2753 1005 2816 fit
1022 2775 1063 2816 ex
1077 2774 1141 2835 ap·

139 2857 260 2940 petitu;
304 2878 398 2920 omne
420 2856 501 2920 euim
523 2858 682 2935 ammam,
707 2861 793 2942 quod
816 2870 853 2921 ut
873 2857 1010 2920 animans
1031 2877 1141 2920 move·

126 2971 203 3037 tun,
226 2960 351 3024 ntoveri
371 2982 408 3024 ea
424 2960 546 3026 ratione
567 2983 647 3046 quae
670 2973 725 3024 est
738 2983 780 3024 ex
802 2960 960 3046 appetitu:
982 2961 1063 3024 hanc
1085 2981 1140 3023 au·

139 3073 203 3126 tem
218 3085 288 3128 esse
303 3063 493 3142 motionem,
517 3087 598 3148 quae
615 3066 726 3129 aFato
743 3063 798 3126 fiat
816 3085 875 3145 per
892 3065 975 3128 istud
989 3062 1139 3128 animans.

141 3167 232 3248 Quae
250 3187 322 3230 cum
339 3166 383 3233 ita
400 3189 435 3232 se
448 3171 601 3245 habeant,
625 3168 763 3250 fiantque
782 3189 800 3230 a
815 3168 897 3230 Fato
916 3189 975 3248 per
991 3169 1054 3230 hoc
1071 3166 1140 3230 uni·

141 3289 270 3348 versum
285 3269 440 3334 motiones
459 3272 720 3354 operationesque
742 3269 869 3346 variae,
894 3263 1023 3334 aliaein
1049 3272 1140 3344 adse,
1188 3333 1194 3352 ,

140 3373 220 3438 aliae
242 3374 276 3444 in,
295 3374 392 3459 igne,
428 3373 506 3438 aliae
532 3375 573 3441 in,
588 3397 623 3438 re
650 3375 731 3448 alia;
764 3373 835 3436 fieri
859 3375 1008 3456 quasdam
1030 3384 1062 3434 et
1082 3394 1141 3453 per
1195 3377 1197 3386 '

139 3477 330 3555 animantia,
371 3477 477 3561 quales
509 3489 590 3568 suntv
605 3480 761 3542 motiones
795 3497 834 3539 ex
864 3475 1025 3558 appetitu,
1064 3477 1140 3548 ‚Has

127 3603 221 3647 ‚vero
240 3581 399 3646 motiones
425 3604 504 3666 quae
528 3604 546 3644 a
565 3582 647 3645 Fato
668 3582 746 3644 liunt
760 3601 819 3662 per
840 3579 1038 3654 animantia,¹
1057 3579 1142 3658 aiunt

138 3681 185 3748 illi
196 3705 266 3746 esse
280 3685 312 3747 in
328 3686 526 3758 animantium
544 3696 719 3766 potestate:
742 3683 873 3766 parique
889 3685 984 3746 modo
995 3685 1088 3765 quod
1102 3684 1141 3745 ad

142 3788 362 3852 necessitatem
373 3789 499 3865 attinet,
523 3789 611 3863 lieri,
636 3787 791 3850 motiones
803 3787 877 3850 istas
890 3809 960 3850 cum
978 3807 1019 3848 ex
1032 3807 1142 3848 neces-

140 3891 231 3956 sitate
259 3891 350 3954 etiam
377 3914 487 3956 cannae
514 3905 661 3956 externae
689 3903 763 3954 tune
788 3890 906 3966 adsint,
944 3889 1141 3968 ita-utipsa

140 3994 307 4060 animantia
335 4015 393 4077 per
421 4015 454 4056 se
481 4007 512 4056 et
540 4018 581 4058 ex
607 3992 746 4078 appetitu
771 3993 1089 4066 istammotionem,n
1113 4003 1143 4052 et

950 4121 957 4148 t
