2782 4790
259 407 300 473 90

259 573 382 655 ἀστούς
408 571 429 658 ἡ
457 581 518 665 μὲν
545 567 704 659 ἀγαθόν,
723 567 761 654 ἡ
783 575 819 640 δὲ
844 570 968 653 κακὸν,
1000 579 1055 640 καὶ
1080 569 1176 640 οὐδὲν
1203 571 1267 640 τῶν

258 678 368 748 ἄλλων
384 675 472 761 ζώων
497 673 670 768 οὐδέτερον
692 671 817 743 τούτων
841 679 927 743 ἐστὶν
950 671 1170 755 ἐπιδεκτικόν,
1202 675 1266 742 τῶν

186 783 188 790 ’
257 788 294 851 δὲ
310 777 500 872 ἀνθρώπων
517 784 708 847 οἱπλεῖστοι
723 784 834 860 κακοὶ,
856 782 984 867 μᾶλλον
1003 782 1039 846 δὲ
1055 775 1194 864 ἀγαθὸς
1206 786 1267 865 μὲν

255 883 335 967 ἑῑςη
330 879 540 975 Ηδεύτερος
523 879 574 950 ντί
594 880 703 950 ἀντῶν
722 887 894 971 γεγονέναι
913 878 1121 971 μυθεύεται,
1158 873 1267 998 ὥσπέρ

256 1014 290 1056 τι
312 982 501 1078 παράδοξον
522 988 603 1068 ζῶον
624 993 680 1053 καὶ
701 984 794 1078 παρὰ
816 983 935 1080 φύσιν,
967 981 1190 1075 σπανιώτερον
1206 986 1267 1052 τοῦ
1315 1027 1316 1030 =

263 1091 420 1169 Φοίνικος
441 1087 472 1172 ²)
501 1091 561 1157 τού
585 1115 653 1182 παρ
680 1085 886 1184 Αιδιόφιν,
908 1093 941 1156 σί
966 1092 1002 1156 δὲ
1026 1083 1145 1166 πάντες
1170 1092 1266 1154 κακοὶ

256 1198 313 1260 καὶ
333 1195 445 1274 ἐπίσης
462 1189 619 1275 ἀλλήλοις
639 1195 806 1275 τοιοῦτον,
828 1189 872 1272 ὡς
891 1196 993 1281 μηδὲν
1014 1193 1184 1285 διαφέρειν
1205 1187 1265 1257 δίλ-

254 1301 313 1364 λον
340 1294 467 1378 ἄλλον,
502 1297 690 1385 μαίνεσθαι
718 1299 753 1364 δὲ
786 1291 908 1384 ὁμοίως
942 1290 1086 1378 πάντας,
1122 1287 1198 1361 ὅσοι
1218 1290 1264 1382 μὴ

256 1406 379 1492 σοφοὶ,
414 1402 484 1479 πῶς
514 1396 573 1468 ούκ
598 1397 639 1468 ίίν
664 1393 881 1466 ἀθλιώτατον
903 1401 985 1480 ζῶον
1009 1394 1140 1466 πόντων
1162 1393 1181 1464 5
1207 1395 1266 1465 ἄν·

254 1508 397 1595 θρωπος
414 1504 480 1586 ἐίη,
516 1503 596 1591 ἔχων
624 1497 684 1584 τήν
712 1527 747 1569 τε
773 1503 892 1570 κακίαν
917 1507 973 1570 καὶ
1006 1499 1046 1568 τό
1063 1574 1066 1580 ,
1078 1502 1265 1589 μαίνεσθαι
1300 1541 1303 1546 ·

255 1602 413 1700 σύμφυτα
434 1602 525 1700 ἀντῷ
532 1659 542 1688 ,
564 1611 620 1673 καὶ
638 1608 945 1693 σνγκεκληραμάεας
962 1601 1069 1672 '4555
1085 1601 1129 1672 τύ
1149 1612 1215 1692 μὲν
1235 1605 1264 1686 3)

254 1705 316 1787 τὰς
336 1709 621 1800 παραδοξολογίας
657 1702 687 1790 4)
720 1705 828 1776 ἀντῶν
852 1705 913 1787 τὰς
941 1710 975 1776 ἐν
1000 1716 1075 1786 ταῖς
1100 1703 1265 1796 δόγμασιν

257 1807 429 1892 ἐξετάζειν,
479 1808 518 1880 δι’
556 1802 601 1881 ὧν
635 1810 719 1898 πρὸς
763 1807 901 1894 τάληθῆ
935 1813 1143 1905 διαφωνοῦσι
1173 1816 1264 1879 πλεῖ-

255 1937 336 1982 στον
356 1915 402 1997 5),
423 1918 644 2007 παραιτητέον
664 1918 725 1983 τού
747 1918 819 1984 νύν·
843 1916 1013 1983 ἐπανιτέον
1034 1918 1073 1982 δὲ
1092 1905 1178 1982 ὅθεν
1199 1915 1263 1997 ἕξε-

255 2013 471 2109 τραπόμεθα.

312 2218 495 2315 Ἐδείξαμεν
519 2229 555 2294 δὲ
579 2220 633 2295 ὅτι
665 2222 769 2306 ύύτως
790 2221 836 2294 ἐπ’
866 2223 956 2318 ἀντῷ
982 2225 1029 2319 τῷ
1050 2224 1200 2319 φρονίμῳ
1221 2217 1262 2291 τό

255 2328 337 2395 ἒῖναι
361 2324 519 2452 τοιούτῳ,
541 2321 594 2397 ὅτι
611 2331 670 2412 τῆς
691 2325 847 2412 τοιαύτης
868 2331 959 2412 ἕξεως
980 2331 1008 2412 ¹)
1032 2334 1088 2396 καὶ
1106 2329 1165 2410 τῆς
1186 2321 1263 2409 κτή-

253 2453 335 2508 σεως
355 2426 458 2514 σίατῆς
478 2429 584 2512 σἰίτιος
595 2485 604 2515 ,
635 2434 683 2526 τῷ
704 2438 760 2500 καὶ
780 2435 841 2501 τοῦ
865 2435 923 2515 ἐ)
944 2460 990 2521 μη
976 2431 1171 2521 γενέσθαι
1191 2455 1262 2498 τοι-

254 2533 352 2612 οὗτος
375 2533 457 2623 ἔχειν
482 2530 643 2628 πρότερον
669 2562 729 2618 την
751 2537 916 2618 ἐξουσίαν
952 2534 1012 2618 τὴν
1020 2532 1174 2657 μὲνόύν
1197 2535 1262 2615 εἜιν

253 2631 361 2754 μηκέτ
385 2637 467 2725 ἔχειν
488 2635 579 2705 ἐπ
560 2641 649 2706 αντῶ
673 2632 781 2722 ²),'
756 2664 862 2731 ωσπερ
884 2635 959 2707 ούδὲ
990 2663 1036 2732 τῳ
1064 2634 1168 2706 σίντόν
1195 2631 1260 2706 ύπό

254 2731 365 2857 ύφονς
381 2735 498 2826 ἀφέντι
518 2738 557 2808 τό
578 2744 713 2824 στῆναι,
735 2744 791 2810 καί
814 2767 869 2810 τοι
887 2745 947 2811 τοῦ
941 2744 1064 2869 ρίφαι
1081 2767 1115 2810 τε
1136 2747 1192 2808 καὶ
1212 2747 1261 2833 με)

253 2837 313 2922 τὴν
334 2841 520 2922 ἐξονοίαν”
501 2861 627 2932 εχοντι
656 2843 700 2914 ἐπ
723 2841 831 2914 σἰστῶν
855 2849 891 2912 δὲ
913 2847 977 2913 τῶν
1002 2848 1260 2938 ἐνεργειῶν,ων

163 2997 172 3006 ,
252 2940 312 3024 τὴν
333 2945 436 3026 ἕξιν”
417 2972 496 3035 εχων
516 2950 654 3040 ἐνεργεῖ,
676 2955 730 3016 καὶ
749 2947 798 3072 μὴ
820 2949 958 3032 ποιῆσαί
974 2973 1058 3017 τινα.
1100 2951 1172 3048 Καὶ
1192 2947 1258 3042 γὰρ
1285 3027 1287 3032 ,

252 3046 281 3111 ἐι
306 3038 360 3114 ὅτι
385 3043 532 3136 μοίλιστα
557 3047 692 3139 ἔύλογον
722 3049 762 3119 τὸ
795 3049 852 3119 τὸν
884 3047 1048 3146 φρόνιμον
1083 3049 1171 3119 κατὰ
1201 3049 1259 3120 τὸν

252 3141 352 3234 λόγον
379 3157 435 3218 καὶ
465 3178 525 3235 την
556 3151 719 3247 φρόνησιν
753 3156 953 3246 ἐνεργείας
937 3161 1090 3273 ενεργεῐν,
1115 3157 1259 3282 πρίπον

250 3248 399 3343 μὲνούχ
427 3250 626 3347 ὡρισμένως,
672 3262 708 3325 αἱ
731 3262 775 3326 δέ
813 3282 897 3337 τινες
925 3260 1080 3326 τοιαῦται
1110 3255 1132 3341 ἢ
1162 3259 1257 3350 μέχρι

251 3356 385 3422 τούδε’
369 3355 610 3447 ενεργούμεναι,
631 3357 736 3429 ἀλλ’
725 3362 813 3429 ε’στιν
833 3364 866 3430 ἐν
886 3359 1001 3431 πλοίτει
1022 3362 1050 3443 3)
1071 3368 1134 3430 τινὶ
1147 3358 1258 3430 πάντα

251 3453 295 3522 τὰ
317 3455 475 3548 γινόμενα
498 3461 585 3530 κατὰ
607 3467 725 3533 τοῦτον
745 3462 804 3533 τὸν
821 3462 944 3558 τρόπον
964 3460 1029 3549 4),“
1049 3471 1105 3534 καὶ
1129 3463 1168 3534 τό
1190 3491 1256 3533 πα-

178 3653 180 3663 λ
251 3559 414 3652 ραμικρὸν
446 3566 524 3645 ⁵)'
508 3591 541 3634 εν
567 3563 698 3646 τούτοις
720 3565 780 3635 οὐκ
806 3565 936 3660 ἀναιρεῖ
961 3567 1001 3636 τὸ
1030 3570 1256 3693 προκείμενον·

250 3660 364 3730 ἔπειτα
384 3668 419 3732 δὲ
444 3664 483 3734 σύ
501 3676 814 3759 κατηναγκασμένος
831 3668 1029 3793 ὁφρόνιμος
1047 3664 1090 3740 ὧν
1111 3669 1255 3764 οίιρειται

249 3769 283 3832 τι
302 3760 441 3858 πράττει
469 3765 523 3855 ⁶),
554 3769 669 3842 ἀλλ’(
648 3803 691 3854 ως
711 3782 767 3843 καὶ
788 3777 847 3842 τοῦ
863 3774 909 3863 μὴ
930 3777 1052 3869 πρᾶξαί
1076 3771 1255 3843 τετούτων

250 3893 351 3949 αῡΐθς
378 3868 422 3940 ν’ίν
454 3872 575 3969 κύριος.
627 3872 785 3965 Ἔύλογον
814 3876 879 3969 γὰρ
911 3875 954 3947 δίν
980 3875 1081 3961 δόξαί
1102 3903 1180 3948 ποτε
1205 3881 1255 3971 τῷ

249 3974 399 4068 φρονίμῳ
424 3986 478 4048 και
503 3977 585 4075 ὑπὲρ
611 3984 671 4051 τοῦ
695 3983 798 4065 δείξαι
827 3979 866 4049 τὸ
894 3983 957 4052 τῶν
983 3983 1146 4073 ἐνεργειῶν
1166 3979 1253 4052 ελεύ
