2782 4790
231 419 271 483 94

230 593 286 654 καὶ
309 588 339 652 ἐι
362 581 450 652 κατά
475 577 615 661 τούτους
643 583 742 648 τούτο
764 576 869 658 όύτως
888 579 970 669 ἔχει,
1006 580 1141 660 δῆλον’
1125 602 1160 643 εκ
1181 579 1241 650 τοῦ

231 681 441 776 λαβόντας’
421 683 561 767 αυτούς,
587 676 639 751 ότι
661 690 693 752 οἱ
717 688 798 751 θεολ
819 679 1081 776 προγινώσκουσι
1107 678 1151 748 τά
1164 684 1244 804 μέλ·

231 797 350 872 λοντα,
382 786 464 858 δί’
444 791 548 858 αυτοῦ
576 783 828 912 κατασκευάζειν
852 784 891 854 τὸ
920 781 1000 868 ἐξ
979 780 1123 872 ανάγκης
1154 769 1244 852 ἀυτά

229 896 408 983 γίνεσθαι,
430 887 474 970 ώς
499 889 559 960 ούκ
580 888 622 960 ἀν
638 894 668 958 ἐι
688 889 733 980 μὴ
755 885 843 958 ύύεω
864 890 989 1011 γίνοιτο
1013 891 1244 1018 πρργνωσομὲ-

230 1022 304 1067 νων.
341 994 393 1064 'Eo
419 997 519 1062 δὲ
479 1021 519 1092 τῃ
547 997 612 1063 τών
635 997 729 1062 θεῶν
749 989 931 1122 προγνώσει
958 1017 994 1059 τε
1018 998 1074 1062 καὶ
1097 1015 1245 1088 προαγο

232 1097 339 1224 ρεύσει
361 1096 400 1166 τὸ
422 1095 604 1186 ἀναγκαῖον
625 1101 754 1180 ἕπεται,
785 1102 842 1166 καὶ
861 1093 930 1164 κατ’
945 1092 1077 1220 ἀντρύς
1099 1098 1127 1162 ἐι
1137 1092 1205 1217 μὴ
1207 1119 1246 1161 το

231 1201 412 1290 ἀναγκαῖον
440 1205 474 1270 ἐν
502 1211 572 1282 τοῖς
604 1206 789 1291 γινομένοις
813 1201 882 1284 ε’ίη,
919 1195 979 1268 ούκ
1008 1197 1049 1268 ἀν
1079 1195 1150 1268 κατ’
1185 1194 1247 1266 ἀν

231 1305 310 1386 τούς
327 1307 357 1390 8)
379 1311 411 1373 οἱ
434 1310 515 1373 θεοὶ
538 1300 793 1398 προγινώσκοιεν
814 1301 857 1371 τά
876 1305 1057 1394 μέλλοντα,
1087 1295 1165 1382 ώςτε
1189 1309 1247 1372 καί

232 1407 329 1480 ἀυτολ
349 1407 409 1496 τὴν
436 1405 540 1492 ἀυτὴν
571 1405 758 1497 ἀδυναμίαν
782 1415 853 1486 τοῖς
884 1412 983 1486 θεοῖς
1015 1402 1247 1501 φυλάσσουσιν

232 1518 283 1596 (ἐι
301 1512 368 1606 γάρ
390 1508 460 1580 κατ’
481 1508 667 1599 ἀδυναμίαν
685 1508 749 1602 χρὴ
767 1517 823 1578 καὶ
844 1507 1024 1580 ἀσθενείαν
1045 1515 1150 1598 λέγειν
1165 1511 1249 1596 γίνε·

233 1623 324 1686 σθαι
356 1613 395 1683 τὸ
420 1611 461 1681 τά
485 1611 635 1682 ἀδύνατα
659 1611 923 1702 μὴδύνασθαι)
956 1611 994 1682 ού
1023 1611 1064 1698 δὴ
1089 1615 1135 1709 τῷ
1161 1614 1247 1706 θείῳ

232 1725 331 1789 πλέον
355 1743 388 1785 τι
415 1714 589 1787 δύνασθαι
622 1715 678 1785 διά
705 1719 763 1799 τῆς
792 1714 1003 1809 προρρήσεως
1028 1713 1249 1801 ἀνάπτουσιν,

233 1821 322 1891 ἀλλά
341 1819 399 1889 διά
423 1823 483 1889 τού
511 1817 759 1912 προλαμβάνειν
776 1824 875 1888 τοῦτο
897 1818 957 1904 τὴν
978 1816 1080 1913 φύσιν
1104 1818 1249 1903 τὴντῶν

233 1922 436 2019 πραγμάτων
465 1921 622 2007 τοιαύτην
659 1920 846 2012 εἰςάγουσιν
882 1921 1033 2014 οὐδαμῶς
1068 1921 1248 1993 ἀκόλουθα

236 2037 294 2099 καί
310 2026 443 2122 συνιχιδά
467 2035 538 2109 τοῖς
565 2030 749 2117 γινομένοις
777 2054 811 2096 τε
835 2033 891 2098 καί
917 2031 1068 2117 ἐναργέσι
1090 2033 1249 2114 λέγοντες.

214 2189 218 2200 ,
241 2129 355 2229 Τούτῳ
377 2129 441 2224 γάρ
467 2137 729 2256 προςχρωμὲνοις
750 2137 779 2214 9)
809 2136 937 2201 ἐνέσται
964 2128 1074 2200 πάντα
1098 2130 1143 2199 τοὶ
1170 2128 1251 2200 ἀδύ-

235 2339 314 2422 τούς
329 2337 445 2420 θεοὺς,
463 2307 604 2406 δύναταί
617 2335 682 2429 γάρ
700 2365 751 2418 τις
766 2344 820 2421 9ο)
806 2337 950 2428 )λαβών
970 2337 1009 2406 τὸ
1023 2336 1149 2407 ἀτοπον
1167 2341 1251 2408 εἶναι

235 2442 314 2522 τούς
331 2439 437 2522 θεοὺς
456 2440 502 2580 μγ)
525 2445 644 2510 ειδέναι
672 2439 710 2510 τὸ
733 2440 886 2535 ἀπειρον,
918 2437 1031 2510 πόσων
1044 2446 1114 2510 ἐστὶ
1132 2445 1250 2530 [δὲμε

235 2550 306 2630 νος]
327 2551 454 2638 μέτρων
476 2548 560 2630 00)τ
541 2549 641 2614 τοῦτο
663 2543 929 2674 προςλμμβάυειν
951 2571 989 2614 το
976 2543 1200 2615 δυνατόν
1168 2571 1251 2615 ειναι

237 2648 467 2740 γινώσκεσθαι
497 2648 537 2717 τὸ
559 2646 703 2778 ἀπειρογ
731 2646 844 2720 πόσων
870 2653 938 2718 ἐστὶ
964 2654 1112 2742 μέτρων,
1159 2652 1188 2720 εἰ
1215 2654 1252 2717 δὲ

236 2757 337 2823 τούτο
355 2749 515 2874 Bwoetbv3
552 2755 636 2820 ἐῖναι
657 2751 696 2820 τό
717 2752 855 2878 ἀπειρρν
879 2749 1063 2847 ὡρισμένων
1084 2755 1181 2822 τινών
1196 2756 1253 2842 με’

236 2883 323 2951 τρων
344 2859 401 2938 0)
423 2859 451 2924 ἐι
472 2853 537 2949 γάρ
555 2853 600 2946 μὴ
622 2882 680 2939 ιγν,
713 2853 826 2927 οὐδ”
802 2882 843 2926 αν
865 2863 898 2925 οί
923 2863 1004 2926 θεοὶ
1027 2853 1189 2952 ῄδεσαν
1169 2854 1253 2925 αυτό

237 2959 392 3031 πόσων
375 2967 443 3028 εστι
468 2965 606 3053 μέτρων.
658 2957 847 3029 'Euam’
794 2970 859 3028 ἑει
883 2958 922 3028 τὸ
947 2957 1182 3052 προγινώσκειν
1208 2987 1253 3028 τα
1303 2986 1308 2999 ·

237 3060 400 3156 μέλλοντά
422 3067 508 3146 ἐστι,
537 3063 576 3132 τὸ
598 3059 698 3132 ὁποῖά
721 3067 791 3132 ἐστι
812 3063 875 3146 00),
902 3067 1046 3132 τοιαῦτα
1065 3060 1152 3132 ἀυτά
1171 3089 1253 3151 γνω

238 3168 337 3259 ρίζειν
361 3165 454 3235 όντα
488 3165 592 3249 (ἀλλο
620 3165 685 3260 γάρ
716 3165 756 3234 τό
781 3163 1015 3259 προγινώσκειν
1042 3170 1103 3235 τού
1128 3171 1254 3248 ποιεῖν)

240 3273 343 3353 δῆλον
372 3262 426 3338 ότι
463 3268 507 3338 τά
540 3267 731 3360 ἐνδεχόμενα
769 3267 1001 3361 προγινώσκων
1038 3267 1081 3350 ὡς
1112 3273 1256 3342 τοιαῦτα

241 3369 482 3464 προγνώσεται·
519 3371 558 3442 ού
586 3371 651 3463 γάρ
683 3369 869 3466 πρόγνωσις
900 3373 939 3446 τὸ
972 3371 1179 3468 ἐνδεχόμενον
1211 3369 1256 3452 ὡς

242 3474 398 3567 ἐσόμενον
420 3475 607 3566 ἀναγκαίως
628 3477 772 3544 ἔσεσθαι
793 3481 911 3564 λέγειν·
952 3471 1029 3557 ώςτε
1051 3485 1107 3546 καὶ
1129 3482 1161 3546 οἱ
1175 3481 1255 3546 θεοὶ

240 3580 285 3649 τά
306 3577 497 3671 ἐνδεχόμενα
519 3577 563 3660 ὡς
584 3576 778 3669 ἐνδεχόμενα
804 3578 846 3649 ἀν
874 3577 1145 3673 προγινώσκοιεν,
1168 3571 1194 3674 ᾧ
1216 3577 1256 3652 ού

240 3681 371 3764 πάντως
400 3678 630 3765 ἀκολουθήσει
658 3681 697 3752 τό
731 3680 914 3772 ἀναγκαῖον
940 3682 997 3752 διά
1018 3683 1077 3768 τὴν
1099 3679 1256 3767 τοιαύτην

242 3784 447 3880 πρόγνωσιν·
480 3782 566 3854 όύτω
599 3789 635 3854 δε
660 3794 717 3855 καὶ
748 3784 973 3879 προλεγόντων
994 3783 1166 3878 ἀκούομεν.
1215 3789 1256 3882 OQ

239 3889 305 3983 γὰρ
334 3888 419 3978 μετά
453 3890 513 3957 τού
549 3886 783 3978 συμβουλεύειν
816 3889 891 3961 τινά
922 3888 1099 3985 ἀιρεῑσθαί
1134 3917 1169 3959 τε
1198 3897 1255 3960 καλ

243 3990 398 4086 πράττειν
431 3986 454 4058 όί
485 3989 561 4085 χρύ,
597 3997 833 4086 προλέγοντες,
884 3994 943 4090 ούχ
975 3991 1018 4076 ὡς
1050 3996 1083 4081 ἐξ
1109 3990 1255 4084 ἀνάγκιχς
