2758 4790
1046 423 1105 483 177

106 595 251 660 Deorum
274 602 376 656 autem
403 591 533 658 notitiae
561 613 625 657 non
653 593 867 671 indefinitum,
906 597 963 658 sed
997 595 1106 658 defini-

98 711 183 761 tum.
239 697 310 760 Imo
339 696 536 760 manifestum
569 709 617 759 est
650 698 743 761 etiam
781 709 892 762 nostra
925 689 1134 784 cognitione¹

103 822 200 884 posse
221 801 378 863 interdum
400 800 528 864 delinito
550 799 640 864 nosci
661 801 693 863 id
715 806 802 885 quod
817 823 931 884 anceps
952 814 1009 877 est,
1036 823 1106 864 cnm

104 904 223 984 scilicet
244 925 308 966 non
330 902 415 964 ultra
435 903 568 984 proprie
591 915 638 966 est
669 887 803 996 anceps,
843 909 898 968 sed
927 906 1107 970 necessario

103 1007 248 1090 sequitur
269 1018 468 1090 antegressas
491 1028 547 1068 cur
569 1007 624 1069 fiat
653 1030 775 1070 causas.
808 989 913 1072 'Nam
933 1021 968 1070 ut
991 1010 1106 1092 globus

103 1110 164 1173 iam
194 1110 357 1194 quiescens
400 1108 434 1171 in
466 1111 585 1190 plano,
642 1113 729 1192 quod
761 1111 882 1174 circulo
914 1111 1034 1176 finitori
1069 1111 1111 1174 sit

104 1213 334 1298 aequidistans,
365 1225 426 1303 „³¹st
448 1225 613 1276 moveatur
634 1235 712 1276 mox
734 1215 774 1276 ab
797 1215 922 1297 aliquo,
962 1227 1014 1276 aut
1043 1235 1108 1278 non

105 1329 290 1392 moveatur,
316 1315 396 1377 'fieri
422 1327 593 1398 utrimque
615 1327 723 1399 potest
744 1330 887 1380 manente
909 1317 995 1398 plani
1014 1330 1106 1380 natu·
1168 1311 1171 1320 ’

102 1441 157 1494 ra;
192 1429 224 1482 at
245 1418 272 1482 si
292 1419 419 1501 planum
440 1419 626 1497 inclinetur,
664 1420 727 1484 iam
756 1419 826 1482 fieri
855 1421 964 1503 nequit
984 1432 1020 1482 ut
1042 1441 1107 1482 non

103 1533 284 1586 moveatur.
340 1521 419 1586 Ideo
442 1533 473 1584 et
495 1525 636 1585 medicos
669 1522 834 1598 videmus,
873 1525 955 1586 nune
983 1521 1110 1606 quidem

102 1625 180 1688 nihil
209 1627 364 1688 audentes
391 1625 544 1688 affirmare
575 1629 613 1688 de
647 1626 904 1710 aegrotantibus,
943 1625 1044 1690 sintne
1073 1627 1112 1687 ad

103 1709 269 1792 sanitatem
290 1728 423 1794 redituri
444 1750 482 1791 an
504 1727 683 1802 interituri;
709 1729 781 1812 qnia
796 1729 950 1791 utrumvis
967 1709 1110 1791 rideatur

102 1831 175 1895 fieri
196 1853 319 1914 posse,
355 1831 428 1894 alias
458 1852 539 1895 vero
561 1831 627 1894 sine
649 1831 855 1895 haesitatione
885 1852 1026 1894 asserere
1047 1833 1109 1894 ho·
1163 1845 1166 1852 “

105 1955 176 1996 rum
199 1935 351 2011 alterum,
386 1945 535 2018 tanquam
557 1937 644 2018 quod
666 1934 794 2000 omnino
818 1935 995 2020 aegrotanti
1016 1955 1114 1998 even·
1164 1945 1167 1954 ’

105 2044 212 2102 turum
234 2038 287 2101 sit.
808 2049 812 2058 '
1161 2024 1167 2039 ‘

569 2147 599 2218 §.
626 2142 656 2203 7.

161 2243 333 2328 ’Quoniam
362 2263 442 2308 vero
472 2244 614 2308 nonnulli
636 2242 782 2306 audacius
804 2263 837 2306 se
861 2253 1005 2328 gerentes
1027 2243 1113 2306 eirea
1144 2248 1166 2258 ''

107 2350 295 2436 propositae
330 2347 391 2409 iam
421 2347 611 2430 quaestionis
644 2346 823 2435 indaginem
851 2334 1013 2410 confidunt
1034 2361 1120 2428 pro·⁴
1215 2345 1220 2352 ’
1293 2333 1297 2340 ’

107 2457 184 2518 bare
207 2474 241 2515 se
262 2473 359 2533 posse
381 2471 421 2512 ne
443 2450 513 2513 Diis
543 2450 669 2532 quidem
698 2452 807 2512 adesse
829 2449 986 2512 definitam
1008 2471 1115 2511 rerum

107 2557 291 2640 ancipitinm
320 2552 553 2638 cognitionem,
589 2555 775 2616 adducentes
806 2553 935 2616 oracula
963 2555 1115 2636 <praedam

109 2660 287 2726 defuturis
310 2659 426 2733 rebus,
466 2658 572 2720 verbis
601 2656 763 2740 loquentia
792 2655 929 2736 dubiis„
952 2655 1117 2718 dicendum
1157 2663 1160 2669 '

107 2766 151 2830 eis
174 2765 263 2848 quod
283 2781 415 2848 magnus
440 2760 590 2842 Syrianus
614 2759 706 2834 dicit,
730 2758 867 2841 primum
890 2759 1016 2844 quidem
1038 2779 1115 2820 con-
1155 2762 1161 2774 ”

110 2851 328 2942 siderandum,
375 2864 459 2926 aliud
497 2883 566 2925 esse
599 2861 743 2924 Deorum
777 2862 991 2946 cognitionem
1022 2870 1116 2944 atque
1150 2863 1161 2884 ’”’

11 3035 14 3044 ,
107 2970 371 3045 intellectionem,
396 2966 480 3029 aliud
502 2986 581 3028 vero
605 2964 823 3046 operationem
845 2963 989 3028 fatidicae
1009 2955 1126 3027 motae
1156 2983 1158 2988 ’

108 3076 234 3160 quidem
257 3093 275 3135 a
295 3072 387 3156 Deo,
426 3070 483 3142 sed
511 3067 542 3130 in
564 3087 597 3130 se
619 3066 763 3150 pariente
786 3078 817 3128 et
839 3066 995 3130 rationem
1017 3065 1118 3148 parti·
1153 3069 1159 3080 ‘

106 3180 203 3242 bilem
226 3189 257 3240 et
280 3175 416 3238 earmina
440 3183 471 3234 et
492 3170 635 3236 notitiam
657 3168 795 3232 dubiam.
836 3171 911 3232 Non
934 3169 1015 3231 enim
1024 3169 1119 3249 quod
1154 3164 1159 3176 ⁴

108 3284 287 3348 illustratur
308 3279 404 3342 idem·
423 3288 481 3338 est
513 3298 584 3338 cum
612 3295 652 3338 eo
682 3274 770 3356 quod
802 3271 957 3346 illustrat,
1007 3273 1123 3332 deinde

108 3388 205 3452 etiam
228 3386 272 3449 ob
293 3383 494 3446 commodum
517 3378 707 3442 audientium
736 3373 804 3440 dari
835 3372 993 3438 interdum
1026 3371 1157 3437 dubia
1192 3360 1198 3374 ⁸

112 3489 262 3564 oracula,
300 3487 472 3549 ethorum
493 3480 698 3566 intelligentia
721 3490 919 3542 exerceatur.
978 3478 1120 3542 Utuntur
1152 3492 1156 3498 ·

113 3594 196 3658 enim
218 3590 273 3656 Dii
294 3587 405 3663 nobis,
428 3597 463 3649 nt
485 3584 540 3668 qui
561 3605 579 3647 a
599 3582 692 3646 nobis
714 3580 1002 3666 ipsis'moveamur
1026 3592 1057 3642 et
1079 3581 1119 3642 ad
1150 3597 1152 3601 ·

111 3697 335 3762 commodum
356 3711 407 3758 res
437 3700 562 3752 nostras
594 3687 794 3772 gubernant,
832 3683 997 3767 omniaque
1027 3681 1119 3746 nobis

109 3801 154 3866 ita
175 3810 211 3862 nt
233 3817 391 3860 meremur
414 3791 615 3855 distribuunt.
675 3787 738 3850 Sed
764 3789 843 3850 haee
874 3788 962 3850 forte
990 3783 1118 3848 audacia

108 3916 139 3968 et
162 3905 203 3968 ab
228 3919 268 3966 eo
291 3900 379 3984 quod
400 3917 483 3960 nunc
505 3890 716 3958 examinamus
740 3889 855 3973 procul
876 3886 1067 3952 recedentia.

790 3992 830 4058 12
887 3989 895 4006 “
