2782 4790
1069 341 1134 408 153

125 507 342 576 musaeum
370 518 497 592 praeter
518 507 653 572 Parcam
684 500 756 572 fieri
783 517 815 573 et
844 508 1126 590 praeteritarum,

126 628 162 680 ut
183 615 299 680 alicubi
320 613 418 697 poe'ta
439 610 577 678 ostendit
597 608 741 695 iuquiens

201 779 272 831 Non
287 783 406 846 praeter
424 773 527 828 Fatum
546 769 680 826 tenebras
695 771 863 842 penetrabis
881 773 1000 830 Averni.

43 1077 47 1087 ,
127 1013 219 1077 Haec
241 1011 322 1075 enim
345 1007 453 1092 opinio
476 1005 600 1072 vatibus
622 1003 759 1082 favebit,
798 1005 831 1068 in
860 1005 973 1090 quibus
1004 1007 1131 1090 praedi.

126 1127 202 1180 cunt
222 1137 287 1180 non
310 1113 415 1178 omnia
436 1132 470 1174 se
493 1107 630 1191 assequi.
688 1107 785 1188 Quod
813 1108 840 1170 si
867 1131 933 1171 non
953 1109 1035 1174 hanc
1060 1111 1132 1194 opi·

125 1219 254 1285 nionem
281 1217 424 1282 homines
454 1217 493 1277 de
515 1213 598 1276 Fato
627 1211 746 1274 habere
776 1211 952 1297 contingit,
990 1235 1055 1278 non
1083 1225 1132 1278 est

125 1323 253 1388 mirum.
304 1319 481 1385 Multitudo
513 1315 596 1380 enim
631 1313 663 1376 in
695 1313 857 1376 nominum
884 1315 1128 1380 formationibus

126 1427 253 1510 quidem
273 1445 338 1488 non
359 1423 439 1486 male
460 1441 512 1484 res
540 1416 736 1502 assequitur,
777 1416 810 1480 iu
837 1416 1021 1500 particulari
1050 1441 1130 1484 vero

55 1535 75 1611 J
126 1543 159 1594 et
190 1530 222 1594 in
256 1527 432 1592 deliniendo
466 1536 498 1588 st
530 1522 671 1586 exactius
704 1520 910 1585 examinando
942 1521 1130 1604 plerumque

127 1646 215 1698 errat
245 1630 438 1695 ao'labitur.
490 1627 574 1690 Illud
595 1625 677 1688 enim
704 1635 854 1700 natiuae,
892 1625 957 1688 hoc
984 1624 1133 1688 scientiae

126 1759 209 1820 opus
232 1747 293 1800 est.
335 1735 405 1798 Iam
426 1752 506 1795 vero
529 1727 715 1793 denomino
737 1727 810 1791 Fati
831 1726 1022 1791 Aristoteles
1044 1749 1132 1790 men-

125 1841 247 1906 tionem
267 1837 342 1902 facit
362 1835 396 1898 in
417 1834 521 1918 primo
544 1833 769 1896 Meteororum
790 1832 854 1895 hoe
874 1833 989 1894 modo:
1043 1831 1130 1904 „Seu

125 1993 141 2021 „
149 1943 289 2008 omnium
323 1942 440 2004 hortun
471 1959 565 2000 causa
586 1937 739 1998 censenda
768 1945 837 2010 cst,
875 1932 948 2016 quia
972 1933 1052 1996 fiunt
1072 1956 1132 2016 per
1201 1962 1205 1966 ¹

125 2047 296 2131 „tempora
321 2045 390 2110 fato
413 2045 539 2106 decreta
561 2061 597 2102 ac
619 2048 723 2112 corta,
761 2036 848 2100 velut
876 2035 908 2098 in
935 2037 1130 2118 tempestati-

125 2155 209 2230 „bus
243 2148 315 2214 annui
349 2149 468 2223 hiems,
513 2156 545 2208 et
575 2141 608 2205 in
641 2138 758 2203 ambitu
793 2150 975 2220 temporum
1011 2139 1131 2202 maiore

125 2277 266 2341 „magna
293 2249 427 2316 hiems.''
485 2247 622 2311 Videtur
650 2255 753 2306 autem
776 2241 881 2304 dicere
903 2241 1017 2305 Fatum
1039 2252 1129 2304 natu·

125 2383 195 2428 ram
224 2379 312 2434 esse,¹
347 2357 427 2418 haec
455 2349 537 2416 enim
565 2361 637 2414 sunt
662 2359 808 2429 tempora
835 2345 918 2408 Fato
948 2347 1131 2408 decreta'ac

126 2474 266 2538 statuta,
303 2458 402 2522 hiems
436 2467 467 2519 et
498 2453 638 2536 reliqua,
678 2470 758 2532 quae
787 2449 944 2511 naturales
975 2470 1044 2510 cum
1074 2449 1132 2510 ha·
1171 2523 1176 2536 „

126 2571 224 2633 beant
255 2563 462 2636 mutationes,
509 2579 573 2626 nou
604 2556 722 2618 habent
752 2551 837 2634 ipsas
869 2549 1063 2613 inevitabiles
1099 2562 1131 2614 et

128 2681 271 2735 coactas.
317 2662 516 2747 Quinetiam
542 2660 579 2736 iu
603 2657 713 2741 quinto
737 2654 897 2718 Naturalis
928 2633 1151 2716 auscultatio-⁴

128 2775 176 2839 uis
205 2775 249 2836 ita
281 2791 408 2833 rursum
435 2745 587 2828 meminit
606 2753 650 2824 de'
673 2760 775 2823 Fato:
822 2759 928 2832 „Num
961 2777 1000 2818 ne
1032 2755 1129 2840 igitur
1206 2751 1209 2757 ’

129 2877 246 2955 „etiam
283 2869 501 2958 generationes
538 2865 695 2929 violentae
730 2873 802 2925 sunt
835 2873 866 2924 et
897 2879 963 2923 non
997 2871 1130 2922 statutae
1237 2875 1240 2883 ‘

130 2983 259 3057 ,‚Fat0,
297 2975 410 3060 quibus
441 2967 618 3036 contrariae
647 2978 719 3029 sunt
736 2961 957 3037 ,naturales?'’
991 2965 1045 3024 ,Et
1073 2962 1132 3024 itc-

128 3108 200 3148 rum
221 3083 320 3166 liquet
340 3065 411 3141 euin
433 3073 505 3138 Fati
525 3069 651 3135 nomine
672 3069 713 3132 in.
725 3069 820 3130 rebus
843 3085 923 3148 quac
946 3065 1131 3127 naturaliter
1151 3107 1156 3118 «

129 3189 226 3264 fiunt,
274 3183 333 3247 uti.
399 3179 434 3242 Si
470 3176 551 3242 enim
584 3174 631 3237 rei
659 3173 741 3236 Fato
778 3191 843 3234 non
880 3170 1023 3234 decretae
1059 3167 1132 3228 dicit

131 3287 325 3357 contrarium
357 3303 427 3346 esse
454 3280 487 3343 id
515 3280 602 3362 quod
630 3277 798 3340 secundum
820 3283 961 3334 naturam
985 3281 1050 3344 est,
1089 3269 1133 3330 illi
1157 3337 1158 3340 Ἴ

102 3425 104 3440 u
132 3416 211 3460 vcro
235 3393 321 3475 quod
350 3397 398 3450 cst
419 3385 588 3477 secundum
609 3381 723 3444 Fatum
744 3377 776 3440 id
798 3377 884 3457 quod
911 3394 975 3435 non
1005 3384 1053 3435 cst
1081 3394 1132 3434 se-

132 3499 267 3562 eundum
298 3493 413 3556 Fatum
445 3483 638 3551 contrarium
675 3493 738 3555 est;
782 3499 862 3562 ergo
896 3476 977 3538 idem
1008 3475 1067 3538 erit
1099 3476 1130 3537 id

133 3601 220 3684 quod
240 3596 409 3660 secuudum
430 3601 576 3654 naturum
598 3599 646 3648 est
667 3607 738 3648 cum
759 3603 798 3644 eo
827 3581 914 3664 quod
942 3591 989 3642 est
1017 3601 1130 3641 secun-

133 3707 205 3768 dum
232 3701 359 3764 Fatum.
416 3695 492 3757 Non
526 3688 608 3753 enim
639 3686 791 3770 possibile
821 3697 868 3747 cst
897 3694 932 3745 ut
962 3681 1016 3744 uni
1046 3685 1132 3765 quod

133 3820 266 3871 estnon
290 3801 458 3866 secundum
480 3796 593 3859 Fatum
621 3792 713 3874 plura
741 3787 899 3852 contraria
929 3807 996 3849 esse
1026 3775 1131 3846 dicau-

132 3924 196 3990 tur.
242 3909 286 3984 Et
316 3905 348 3971 id
375 3903 462 3996 quod
490 3898 660 3965 secundum
684 3893 796 3968 Fatum
827 3903 890 3970 est,
931 3901 1039 3978 aperte
1072 3887 1133 3974 ipsi
