2758 4790
72 667 85 698 ·
128 625 208 690 quae
231 627 272 667 ex
293 617 405 670 natura
429 607 494 692 agit
517 597 693 672 absolvitur
720 625 784 670 non
818 608 1035 689 miseratione,
1073 614 1129 675 sed
1163 645 1164 650 κ

128 709 263 776 ratione.
1174 712 1177 716 ’

526 931 730 987 Fortem

191 1119 300 1203 Leges
323 1117 503 1182 differentes
528 1118 629 1182 fixere
652 1119 794 1184 homiues
820 1120 852 1184 in
873 1141 1001 1206 quoque
1024 1131 1128 1188 tractu
1224 1183 1226 1188 .

129 1221 243 1304 partim
262 1221 414 1304 scriptas,
438 1221 553 1304 partim
571 1242 635 1285 non
654 1222 808 1306 scriptas:
832 1245 965 1308 quarum
986 1227 1129 1294 recitabo

127 1345 205 1408 quas
227 1325 305 1389 novi
332 1336 363 1388 et
384 1346 516 1408 quarum
537 1325 684 1403 memini,
719 1329 759 1389 ab
780 1326 850 1409 ipsa
877 1328 983 1391 mundi
1005 1330 1129 1415 origine

127 1427 294 1510 incipiens.
337 1429 412 1492 Lex
433 1441 488 1492 est·
500 1431 584 1511 apud
605 1429 720 1508 Seres,
754 1430 886 1513 nequis
909 1432 1054 1510 occidat,
1089 1454 1132 1496 ne

58 1523 63 1532 ’
127 1532 198 1618 quis
219 1543 397 1608 scortetur,
421 1532 545 1616 nequis
562 1532 708 1612 fureur,
732 1554 772 1596 ne
794 1533 865 1616 quis
886 1534 1051 1598 simulacra
1073 1557 1130 1600 ve·

125 1647 268 1700 neretur.
312 1637 357 1700 Et
376 1634 409 1698 in
428 1635 484 1700 illo
502 1646 607 1699 tractu
626 1635 775 1700 latissime
793 1649 921 1720 patente
939 1660 1006 1702 non
1022 1639 1130 1703 rideas

125 1741 295 1824 templum,
320 1759 385 1804 uon
402 1738 549 1803 feminam
564 1761 645 1824 quae
663 1740 785 1804 dicatam
799 1743 950 1806 meretrix
968 1743 1020 1807 vel
1039 1743 1129 1807 adul·

125 1859 213 1922 tera,
237 1865 302 1908 nou
321 1842 425 1906 furem
445 1842 478 1905 in
495 1842 543 1905 ius
565 1843 655 1925 rapi,
684 1842 838 1908 neminem
860 1865 929 1908 esse
955 1845 1009 1929 qui
1029 1846 1129 1910 inter·

100 1950 228 2027 -ftciat,
267 1957 321 2012 aut
355 1944 410 2029 qui
439 1946 659 2011 interficiatur.
727 1949 841 2031 Neque
878 1949 958 2011 enirn
991 1947 1130 2014 libertati

125 2051 344 2120 necessitatem
361 2048 407 2111 ibi
423 2048 557 2132 imponit
569 2050 741 2114 flammanti
754 2051 857 2114 sidere
869 2051 1006 2114 Mavors
1024 2053 1128 2118 medio

126 2158 207 2223 caeli
228 2154 331 2240 spatio
353 2172 388 2216 se
409 2163 540 2228 tenens,
564 2165 599 2215 ut
615 2149 714 2216 homo
735 2153 894 2216 hominem
913 2155 1003 2218 ferro
1016 2167 1127 2219 necet:
1227 2236 1229 2240 Ι

125 2285 191 2329 uon
210 2262 322 2324 Venus
343 2257 444 2320 Marti
464 2256 569 2320 iuncta
589 2260 673 2340 apud
689 2257 763 2322 illos
783 2257 860 2322 facit
880 2269 916 2321 ut
941 2259 1010 2342 quis
1033 2261 1131 2322 cubet
1183 2295 1186 2302 ‚

126 2387 199 2431 cum
228 2363 326 2427 alena
353 2359 604 2438 matrefamilias,
639 2383 711 2424 cum
742 2374 846 2426 tamen
877 2361 965 2426 uullo
991 2375 1056 2427 non
1079 2361 1129 2426 die
1158 2393 1162 2414 ‹

126 2471 219 2536 Mars
237 2465 373 2530 medium
395 2463 473 2528 caeli
493 2475 618 2539 teneat,
657 2465 805 2550 omnique
829 2468 911 2530 hora
940 2488 978 2529 ac
1000 2466 1129 2530 die-na·

126 2585 254 2638 scantur
262 2569 357 2654 aliqui
364 2570 448 2652 apud
454 2569 561 2632 Seras.
578 2569 780 2650 Apudlndos
793 2582 824 2633 et
835 2569 1020 2633 Bactrianos
1030 2571 1127 2634 multa

126 2677 224 2742 millia
244 2687 317 2739 sunt
337 2693 449 2737 eorum
471 2693 552 2756 quos
575 2671 681 2734 dicunt
704 2673 917 2736 Brachmanae
943 2673 998 2756 qui
1016 2695 1128 2736 secun-

127 2785 202 2846 dum
216 2781 320 2865 legem
333 2775 550 2862 maiorumque
565 2797 695 2838 suorum
714 2773 855 2840 instituta
871 2776 1000 2854 urunt,
1026 2797 1129 2862 neque
1186 2801 1192 2815 ·

126 2884 319 2950 interficiunt
354 2881 543 2967 quicquam,
584 2899 686 2962 neque
718 2880 884 2944 simulacra
916 2893 1126 2957 venerantur,

126 3009 193 3054 non
218 2995 346 3072 gustant
379 2986 424 3052 de.
446 2983 484 3048 iis
509 3003 589 3068 quae
615 2982 747 3046 animam
764 2983 926 3047 habuere:
970 3006 1130 3068 utinquam
1245 3023 1252 3032 ·

126 3091 351 3167 inebriantur,¹
365 3111 436 3152 cum
460 3108 520 3150 uec
538 3087 643 3152 vinum
661 3107 720 3149 uec
742 3087 875 3151 siceram
890 3089 1131 3172 gusteutpnulli

125 3193 276 3278 pravitati
296 3211 331 3256 se
353 3191 544 3268 admiscent,
578 3191 662 3256 Deo'
675 3183 783 3254 dantes
803 3185 951 3273 operam,
984 3213 1064 3282 cum·
1077 3191 1129 3254 alii

126 3297 200 3364 Indi
218 3283 367 3362 'oceimnt
383 3309 418 3358 se
439 3306 566 3372 mutuo,
597 3306 799 3373 scortentur,
829 3294 1041 3372 inebrientur,
1073 3297 1129 3357 ad·
1192 3343 1195 3348 .

126 3401 300 3468 volvantur
321 3397 517 3474 simulacris,
538 3411 584 3462 ,et
606 3399 708 3462 ferme
729 3419 788 3480 per
812 3397 917 3462 omnia
942 3397 1025 3460 Fato
1050 3397 1131 3462 ferri

127 3517 162 3570 se
184 3504 307 3568 sinant,
344 3504 405 3566 Est
421 3501 455 3563 in
470 3503 579 3564 eadem
600 3502 709 3566 indiae
725 3502 820 3586 plaga
836 3500 945 3576 natio,
970 3521 1051 3584 quae
1071 3523 1129 3585 pe·

126 3607 298 3694 regrinos,
322 3618 358 3669 ut
373 3623 529 3689 quemque
539 3605 675 3686 reperit,
700 3604 803 3687 capit,
829 3615 860 3668 et
873 3601 1020 3667 sacrificii
1034 3625 1128 3668 causa

126 3709 288 3776 interficit.
332 3710 446 3791 Neque
467 3706 603 3792 benigna
623 3706 729 3769 sidera
748 3706 808 3770 hbs
832 3703 1004 3789 prohibent
1025 3707 1130 3770 caedi·
1153 3765 1155 3769 ,
1185 3755 1187 3760 .

26 3843 30 3852 ’
127 3817 189 3879 bus
208 3825 240 3876 et
256 3810 378 3876 iniustis
395 3811 513 3897 nuptiis
531 3808 723 3886 attaminari,
747 3829 850 3892 neque
871 3807 1008 3893 maligna
1025 3807 1130 3872 sidera

128 3915 341 3980 Brachmanae
370 3917 410 3979 ad
440 3913 605 3978 malefacta
633 3921 766 3996 cogunt.
816 3911 915 3994 Apud
938 3911 1056 3980 Persas
1076 3913 1131 3976 lex

125 4013 318 4090 luituxores
329 4037 454 4084 sumere
463 4016 564 4095 filias,
588 4033 740 4091 sorores,
763 4012 1130 4099 etiammauestneque
