2804 4786
273 417 333 480 309

294 588 328 666 ό)
356 588 396 654 ἐν
417 591 506 663 τοῖς
527 583 703 678 φυτοῖς]
739 585 788 648 Ita
811 580 954 648 Caselius
975 583 1068 646 bene.
1093 579 1220 648 caeteri
1241 581 1275 647 ἐκ

357 693 427 768 τοῖς
448 693 575 780 φυτοῖς.

298 793 331 874 7)
359 790 649 882 ξηρανθέντα]
673 789 726 852 ste
747 789 856 854 Havn.
874 788 1002 870 optime,
1026 785 1227 870 sequentibus
1241 786 1274 850 in

359 895 557 959 versionibus
580 891 643 957 suis
666 892 824 978 Bagolino
846 903 878 956 et
900 889 1030 956 Grotio.
1068 891 1154 954 Edd.
1183 885 1275 979 ξηρά.

358 1001 398 1064 In
429 1020 519 1082 seqq.
553 995 624 1060 dedi
656 997 719 1064 τῶν
746 990 830 1081 μετὰ
857 994 962 1060 ταῦτα
990 1014 1032 1059 ex
1060 993 1277 1060 emendatione

360 1101 476 1168 Caselii
497 1122 557 1183 pro
581 1101 638 1180 τῆς
658 1095 741 1188 μετὰ
762 1098 876 1166 ταῦτα.
920 1099 993 1179 (Ο.)

295 1208 329 1284 8)
357 1199 429 1286 τήν
451 1191 571 1300 τινῶν
600 1197 767 1294 φύλλων
795 1195 1082 1289 ὃιὸνμότητα]
1116 1201 1169 1266 Sic
1197 1200 1280 1265 edidi

360 1331 401 1372 ex
422 1310 531 1372 Havn.
555 1306 690 1370 Aldinae
712 1317 742 1368 et
764 1304 872 1370 Casel.
900 1300 960 1385 τὴν
988 1306 1052 1372 τῶν
1076 1299 1210 1400 φύλλων
1231 1308 1280 1376 ὃ).

361 1407 540 1499 δνμότητα.
573 1411 682 1474 Lond.
706 1408 820 1473 omittit
842 1403 910 1490 τὴν.
953 1408 1026 1489 (0.)

297 1519 330 1598 9)
356 1512 402 1582 τὸ
424 1507 451 1587 δ’
475 1508 625 1599 ὁμόσε]
648 1513 698 1576 Ita
717 1509 872 1578 Caselins.
896 1509 1023 1576 Caeteni
1043 1505 1083 1576 τὸ
1104 1506 1145 1592 δὴ
1167 1504 1281 1599 ὁμόσε.

278 1623 332 1702 10)
354 1622 419 1686 ἐπὶ
439 1615 484 1684 τὸ
512 1611 668 1697 ἄδηλον
689 1615 819 1696 divae]
851 1613 904 1680 Sic
924 1616 1053 1692 Have„
1077 1615 1171 1682 bene·
1193 1616 1279 1680 Edd.

361 1724 412 1790 ἐπὶ
433 1721 478 1813 τῷ
498 1716 621 1801 ἄδηλον
643 1719 736 1787 ἐῖναι.
1355 1697 1363 1718 ’

279 1828 332 1910 11)
361 1827 474 1902 τίνος
502 1818 641 1905 dieta]
686 1822 739 1887 Sie
759 1821 873 1886 iterum
894 1821 1004 1888 Havn.
1033 1817 1163 1903 Reliqui
1191 1816 1282 1899 τινὸς

361 1953 463 1996 αιτια.

280 2033 335 2116 12)
363 2025 493 2118 ὥςπερ
515 2025 660 2117 ἀμέλει
681 2025 771 2107 καὶ]
807 2033 862 2096 καὶ
882 2050 947 2094 non
968 2029 1065 2098 habet
1086 2027 1196 2096 Casel.

676 2211 723 2250 CA
732 2211 763 2250 Ρ.
786 2210 880 2252 xxtv.

303 2333 335 2412 t)
364 2325 630 2412 ἢᾶναιτίως]
667 2325 690 2410 τ’)
710 2328 813 2392 addidi
840 2350 910 2394 cum
933 2328 1162 2398 Schulthessio.
1207 2333 1281 2418 (Ο.)

365 2434 439 2498 Sine
461 2431 657 2498 necessitate.
703 2434 763 2498 Est
784 2432 866 2498 enim
887 2437 999 2500 modus
1020 2435 1074 2500 ille
1095 2436 1281 2502 Aristoteli-

365 2559 420 2602 ens
442 2522 563 2626 ἆρα-τ’)
585 2557 678 2620 quem
698 2535 747 2598 bis
768 2535 830 2600 iam
851 2536 953 2624 tetigi.
997 2541 1115 2625 (casp.
1135 2540 1279 2617 Θαλλὼ

302 2643 336 2726 2)
364 2641 437 2722 τῆς
464 2634 670 2718 ἁλύσεως]
704 2639 757 2702 Sic
778 2661 849 2704 eum
873 2641 989 2706 Grotio
1012 2654 1043 2706 et
1066 2642 1281 2708 Schuithessio

176 2733 181 2748 ⁸
364 2745 532 2830 legendum
555 2763 623 2805 esse
652 2744 768 2808 docent
796 2745 896 2808 verba
923 2747 1138 2828 praecedentis
1170 2747 1280 2830 eapitis

365 2847 412 2938 τῷ
433 2845 525 2927 δίκην
546 2838 690 2922 ἁλύσεως
711 2845 945 2936 συνηρτῆσθαι
973 2854 1044 2928 τοῖς
1070 2843 1213 2940 πρώτοις
1241 2845 1285 2915 τὰ

249 2984 256 3044 ρ
366 2945 510 3040 δεύτερα.
539 2950 623 3012 Edd.
647 2949 705 3030 τῆς
726 2944 923 3031 ἀναλύσεως,
945 2955 1032 3036 quod
1053 2953 1195 3038 sequitui·
1217 2955 1281 3017 Ba·

367 3053 492 3141 golinus
515 3065 662 3116 vertens:
699 3073 778 3118 eum
804 3057 1026 3139 quieverimus
1050 3077 1075 3118 α
1097 3077 1283 3124 causarum

369 3157 585 3227 resolutione·
628 3156 703 3237 (0.)
1142 3235 1147 3246 ,

293 3263 339 3344 “8)
368 3257 412 3327 τὸ
445 3256 602 3338 ἆιτίοις
630 3265 742 3327 τισὶν
763 3255 939 3350 ὄφειλον
959 3257 1188 3347 γίνεσθαι]
1232 3260 1284 3326 Sie

369 3363 451 3429 edidi
466 3385 535 3426 eum
547 3364 655 3428 Lond.
672 3359 710 3430 τὸ
725 3356 941 3441 desisteretis
962 3357 1106 3458 ὀφείλειν
1115 3365 1283 3451 1γίνεσθαι

368 3469 476 3533 Havn.
500 3466 633 3530 Aldinae
655 3477 686 3530 et
705 3465 812 3532 Casel.

306 3576 340 3654 t)
369 3572 518 3657 κυρίας
553 3570 753 3656 ζητῶμεν]
803 3569 936 3636 Aldinae
979 3568 1097 3661 κυρίως
1131 3571 1285 3660 ζητῶμεν.

370 3676 471 3738 Male.
637 3737 642 3742 .

308 3781 341 3860 5)
370 3785 443 3865 μὲν
463 3773 541 3866 γὰρ
564 3770 922 3868 ὁΣωφρονίσκος]
944 3778 1282 3865 μὲντᾶάἰᾶίεκΗετιι.

372 3879 607 3963 Sophroniseus
619 3881 759 3945 Socratis
773 3893 875 3964 pater,
890 3884 977 3966 quod
990 3882 1195 3948 notissimum.
1210 3882 1281 3962 (Ο.)

309 3983 366 4066 ba)
388 3981 458 4052 τὸν
481 3984 702 4070 θεμέλιον]
723 3984 792 4050 seila
815 3985 927 4054 λίθον.
948 3985 1073 4052 Dicitur
1095 3986 1186 4052 etiam
1208 3988 1304 4050 sub-v
