2758 4790
1016 361 1110 457 'nn

116 569 197 638 enim
215 577 332 634 temese
349 567 393 633 ita
413 565 564 634 iuverint
583 561 822 646 usvundun,
847 573 935 658 ntnb
954 570 1111 650 indispo-

115 671 247 740 nant'ur:
270 673 297 736 si
316 673 441 757 quidem
464 675 551 738 netas
570 687 618 738 est
641 689 731 739 ct'ne
752 677 823 740 fieri
843 678 967 762 quidem
992 691 1109 760 potest,

115 792 150 842 ut
171 778 227 842 Dii
243 800 260 840 a
276 779 372 840 nebus
393 777 552 860 inferioris
572 779 758 844 conditionis
780 803 817 853 ac
842 797 923 871 quae
941 803 1007 846 non
1027 792 1110 859 sunt,

115 883 336 965 disponantur.
395 881 503 961 Quane.
532 882 587 945 vix
609 884 771 947 evitabunt
796 885 850 968 qui
875 886 963 949 Deos
990 885 1114 968 quidem

116 1007 186 1048 csse
204 998 332 1067 putant,
357 987 412 1047 sed
436 985 562 1048 illorum
585 986 668 1050 circa
694 979 746 1050 nos
767 985 915 1050 humanas
941 989 1113 1070 provideri·-

114 1091 190 1154 tiam
212 1113 248 1154 ac
275 1081 433 1164 decretum
458 1090 595 1165 tollunt,
620 1090 707 1174 'quin
733 1089 860 1154 illorum
886 1091 976 1154 simul
1002 1095 1114 1178 cogno

114 1195 234 1259 tionem
261 1197 298 1256 de
327 1196 423 1258 robus
456 1192 599 1256 humanis
635 1193 759 1258 toliant.
816 1193 976 1273 Quoniam
1014 1214 1114 1280 neque

114 1298 404 1386 cognoscimus,
440 1296 556 1380 utqui
580 1297 754 1361 nobiliores
781 1309 870 1372 sunt,
908 1297 1115 1378 disponantur
1157 1325 1161 1332 ’

115 1424 133 1465 a
158 1403 255 1478 rebus
279 1398 541 1488 ignobilioribus5
579 1401 751 1483 sequena
776 1411 810 1464 ut
840 1400 1006 1482 disponent
1038 1411 1113 1477 cas3

114 1505 170 1588 qui
201 1525 243 1568 ne
270 1524 380 1568 causae
400 1506 531 1588 ‘quidem
555 1502 680 1567 illarum
705 1506 876 1568 'secundum
905 1497 993 1586 ipsos
1030 1509 1113 1567 sunt.
1182 1567 1185 1572 .

114 1608 237 1688 (Debet
269 1609 349 1672 enim
382 1623 474 1679 omne
507 1611 594 1692 quod
623 1607 789 1692 cognoscit
818 1608 870 1671 vel
902 1629 960 1688 pcc
989 1611 1115 1672 modum

115 1713 272 1785 causalem
298 1723 393 1796 atquc
420 1712 637 1796 disponendo,
676 1711 728 1773 vel
748 1731 808 1793 per
828 1711 1113 1793 participationem,

113 1827 148 1878 et
171 1827 220 1885 ut,
241 1815 464 1898 disponant-un,
503 1834 714 1900 cognoscere.
780 1803 823 1878 Et
855 1815 1001 1900 quoniam
1027 1814 1117 1878 aliter
1166 1874 1170 1882 .

116 1918 202 1982 nulla
232 1930 438 2000 potestesse
467 1917 628 2003 cognitio,
678 1916 736 1982 nisi
759 1919 919 1999 ·quaedam
952 1917 1034 1980 inte'n
1060 1939 1116 1980 co·

107 2015 322 2108 ·'gnoscentem
356 2034 387 2085 et
418 2031 484 2086 r'em
512 2020 670 2104 cognitam
704 2018 744 2082 sit
770 2019 977 2098 communio.)
1025 2019 1116 2098 'Quin

107 2126 143 2188 si
171 2123 231 2188 Dii
259 2137 362 2189 essent
389 2125 516 2190 omnino
545 2145 655 2186 causac
680 2140 785 2186 nerum
815 2145 896 2206 quas
925 2122 976 2186 hic
1002 2139 1118 2206 geron*

113 2241 188 2303 tur,
213 2249 315 2312 ucquc
336 2239 438 2291 tamen
462 2249 504 2290 cx
524 2227 706 2291 necessitate
725 2237 782 2288 aut⁴
800 2225 925 2290 definite*
947 2225 1115 2303 efficerent,

100 2329 538 2414 ·q11accunque··effeccnint;
584 2348 623 2394 ne
656 2330 702 2392 sio
734 2328 859 2412 quidem
891 2329 1007 2391 scirent
1039 2322 1119 2411 quid

36 2492 41 2497 .
115 2436 180 2506 sint
206 2433 373 2518 aliquando
396 2431 528 2509 factitii,
560 2454 630 2494 cnm
653 2443 720 2495 'non
745 2433 925 2494 necessario
951 2451 992 2494 ex
1017 2437 1119 2512 sotei·-

115 2535 215 2600 nitate
233 2535 353 2598 fuerint
381 2557 418 2599 ac
443 2534 657 2598 detenminate
672 2537 711 2597 ad
732 2537 838 2598 eadent
860 2532 996 2614 impulsi.
1057 2531 1120 2596 Sed

109 2651 152 2702 ct
173 2638 365 2702 noruntf‘Dii
388 2639 495 2702 futura
520 2651 551 2701 et
575 2638 753 2700 hominibus
767 2669 780 2714 ‚·
815 2630 1051 2721 quibuscunque
1089 2645 1121 2698 ct

113 2741 149 2806 in
177 2754 326 2825 quantum
355 2742 530 2817 voluerint,
565 2740 832 2824 praesignificans
865 2741 954 2804 'Iino
980 2739 1118 2815 fuci-unu

116 2835 176 2927 qui
202 2837 308 2907 edocti
338 2843 414 2906 licet
437 2843 610 2906 defuturis
636 2847 754 2918 nebus3
794 2863 904 2906 eorum
933 2863 1012 2924 quae
1030 2843 1120 2906 -Fatd

114 2957 213 3010 crant
233 2945 421 3020 constituta,
459 2967 499 3008 ne
523 2944 575 3008 illa
598 2943 722 3026 quidem
729 2977 731 2984 ·
748 2945 889 3036 effugere
917 2955 1010 3026 atque
1034 2955 1120 3008 amoss

113 3049 169 3114 lici
188 3059 402 3130 potuerunt,¹
424 3069 505 3132 quac
533 3059 568 3110 ut
596 3049 795 3131 effugerent,
834 3065 963 3128 operam
992 3047 1120 3109 dabant.

116 3150 189 3220 Alii
211 3151 263 3212 vel
290 3171 328 3212 ea
353 3153 391 3214 dc
417 3173 509 3214 causa
531 3149 569 3213 in·
585 3172 675 3214 suuni
700 3149 837 3212 incidere
864 3149 996 3222 Fatum,
1036 3151 1122 3234 quod

116 3256 154 3320 id
172 3250 460 3334 praedidicissent,·
480 3266 510 3316 et
528 3254 670 3338 effugere
689 3252 794 3316 conati
813 3255 942 3325 essent,‘
958 3263 992 3312 ut
1008 3253 1044 3311 et'.
1060 3251 1124 3315 hoo

117 3357 182 3422 illis
204 3355 319 3417 Fatum
341 3350 437 3422 fuisse
460 3373 587 3417 neccsse
609 3355 678 3418 sit*
713 3355 808 3416 Nulla
825 3353 960 3436 proinde
978 3352 1122 3415 liberatio

113 3471 169 3523 ost
199 3468 251 3520 aut
274 3455 597 3533 declinatioeorum‘,
636 3456 837 3541 quassemsl
856 3476 874 3518 a
896 3456 976 3520 Iove
1000 3458 1123 3522 decreta

118 3572 195 3628 sunt
218 3571 249 3622 et
272 3545 354 3624 Fato
376 3557 507 3642 illigata.
1115 3569 1118 3578 ·

190 3665 254 3734 Sed
279 3663 393 3727 dixerit
417 3662 503 3746 quis,
528 3662 555 3725 si
579 3663 682 3724 omnia
707 3662 832 3725 definita
858 3672 961 3724 essent
986 3653 1123 3742 nihilque

125 3787 241 3850 oxpcrs
271 3779 353 3830 esset
381 3763 573 3828 necessitatis
604 3785 731 3840 corum,
764 3776 937 3846 quaesunt
960 3763 1121 3834 autfinnt4

124 3883 311 3953 seques-stus
341 3882 371 3931 ct
404 3888 443 3931 cx
467 3871 603 3932 humano
634 3877 749 3952 genere
779 3867 952 3930 libertatem
980 3865 1124 3931 exsulare

125 3985 157 4040 et
174 3971 321 4054 iustitiam
344 3993 383 4034 cx
406 3971 491 4034 Diis.
517 3970 615 4037 ,Cum
633 3969 780 4044 hominus
802 3969 927 4052 quidem
949 3991 988 4030 ex
1018 3975 1124 4029 'sicces-i
