2758 4790
1049 405 1110 472 tet

108 595 159 640 res
181 572 343 640 inanimes.
389 573 480 640 Haeo
504 573 574 657 ipsa
597 577 690 640 etiam
716 597 786 640 cum
807 575 869 642 illis
890 587 1033 662 pugnant
1055 575 1108 660 qui

108 679 168 742 alia
188 697 331 761 corpora
353 697 461 742 rerum
481 677 619 742 omnium
642 701 750 744 causas
773 689 926 742 statuunt.
969 679 1114 743 Possunt

110 802 147 846 ea
171 763 231 846 nos
265 779 438 846 calefacere
475 794 506 844 ct
534 781 745 867 refrigerare,
782 783 917 865 perdere
949 781 1041 844 etiam
1074 803 1111 844 ea

108 905 190 968 quae
211 884 288 965 ipsis
314 883 415 948 minus
440 884 567 962 valent,
602 895 633 948 at
664 886 783 948 nullum
813 907 925 950 eorum
957 905 1111 967 operum,
1146 937 1149 944 s
1175 945 1177 955 ,

108 1007 189 1072 qrrae
208 987 309 1050 a'nima
329 997 499 1070 operatur,
530 989 571 1052 ab
591 987 653 1051 illis
670 987 742 1065 fiet,
767 991 821 1051 sed
841 990 880 1051 ab
903 987 963 1052 alia
982 1007 1111 1052 necesse

106 1103 155 1154 est
177 1089 237 1154 ista
260 1111 353 1154 causa
373 1089 542 1176 progredi.

572 1193 638 1257 IV:

141 1311 145 1320 '
170 1296 232 1380 An}
242 1316 322 1384 ergo
336 1315 399 1359 una
412 1295 512 1361 anima
525 1295 707 1361 universum
725 1315 890 1379 permeans
904 1297 984 1360 haec
1001 1298 1108 1375 efficit,

105 1422 143 1465 re
162 1395 281 1466 scilicet
303 1420 427 1484 quaque
439 1422 510 1463 eum
530 1399 700 1482 recipiente
718 1411 839 1464 motum
856 1391 1005 1484 tanquam
1019 1413 1120 1484 parte.
1150 1431 1153 1436 ·

105 1525 173 1590 quo
195 1485 281 1566 ducit
305 1489 547 1586 ipsumtotum,
578 1523 682 1587 aquo
704 1502 1007 1588 scilicet·rapteptur
1036 1525 1111 1569 cau·

105 1629 161 1672 sae
183 1606 408 1689 subsequentes
437 1605 620 1680 necessitate
650 1608 805 1690 quadam,
843 1609 1014 1670 secundum
1036 1629 1111 1670 cau·

103 1731 213 1775 aarum
236 1709 364 1774 fatalem
388 1709 611 1773 continentiam
633 1721 726 1793 atque
752 1729 949 1774 connexum:
978 1711 1110 1794 perinde

102 1835 142 1877 ao
168 1813 289 1896 siquis
310 1812 410 1888 dicat,
448 1833 520 1875 oum
548 1811 688 1895 stirpsva
711 1813 816 1876 radice
844 1825 949 1876 ortum
970 1813 1107 1889 habeat,

104 1937 175 1980 eam
197 1909 281 2000 'spatae
305 1915 377 1979 inde
402 1913 433 1978 in
462 1933 571 1980 omnes
600 1925 707 1998 partes
732 1915 916 1980 diffunditur
945 1915 1111 1997 dispensa·

105 2019 227 2086 tionem
248 2031 281 2082 et
294 2031 432 2082 mutuam
452 2018 682 2081 connexionem
700 2029 732 2080 et
757 2019 913 2081 actionem
934 2031 965 2080 et
986 2017 1110 2100 passio·

105 2145 179 2186 nem
202 2143 270 2184 esse
293 2120 555 2207 gubernationem
576 2143 670 2182 unam
690 2143 727 2182 ac
745 2121 833 2183 uelut
850 2122 964 2183 Fatum
990 2121 1110 2203 stirpis.

103 2227 152 2291 At
173 2225 310 2308 primum
331 2223 426 2287 nimia
441 2224 494 2286 illa
513 2223 561 2286 vis
581 2223 773 2287 necessitatis
793 2243 829 2285 ac
848 2223 920 2287 Fati
941 2223 1023 2300 talis,
1047 2224 1112 2288 hoo
1140 2259 1145 2278 ι

104 2328 210 2412 ipsum
233 2340 287 2391 est'
302 2347 366 2410 quio
388 2327 511 2391 tollitur
532 2327 646 2389 Fatum
666 2339 698 2390 et
718 2318 880 2388 causarum
899 2326 995 2390 series
1015 2337 1112 2410 atque
1130 2359 1131 2362 ¹
1159 2369 1162 2394 t

104 2453 218 2494 nexus.
263 2431 351 2494 Sicut
378 2429 459 2492 enim
480 2429 537 2491 ubi
557 2441 663 2510 partes
689 2441 859 2494 moventur
880 2433 1049 2493 secundum
1078 2428 1112 2491 id

105 2538 193 2619 quod
208 2533 239 2597 in
254 2533 347 2598 nobis
357 2531 534 2614 principale
540 2543 606 2608 est,
631 2533 783 2596 absonum
796 2525 835 2594 sit
849 2531 952 2595 dicere
964 2535 1046 2597 Fato
1057 2554 1111 2596 eas

102 2639 230 2702 moveri
251 2638 340 2716 (Non
367 2634 456 2713 enirn,
474 2635 556 2708 aliud
578 2647 624 2698 est
646 2637 733 2719 quod
750 2635 922 2701 motionem
944 2635 1106 2717 imprimit,

104 2740 195 2804 aliud
211 2733 298 2823 quod
323 2761 391 2803 eam
417 2737 568 2822 suscipit,
608 2750 640 2802 et
660 2739 735 2802 inde
763 2739 913 2822 impetum
938 2750 1109 2816 mutuatur,

103 2845 161 2906 sed
183 2837 230 2906 est
253 2842 332 2904 illud
354 2841 490 2925 primum
518 2844 601 2905 unde
621 2853 770 2905 movetur
792 2843 886 2923 crus)
914 2842 985 2925 pari
1013 2843 1128 2906 modo¹

103 2947 136 3009 in
156 2941 326 3022 uniuerso,
357 2945 384 3009 si
397 2960 503 3009 'unum
525 2945 585 3007 erit
605 2944 806 3020 universum,
838 2956 870 3007 et
887 2965 983 3029 agens
1002 2957 1034 3008 et
1054 2967 1112 3028 pa·

104 3049 185 3112 tiens
210 3061 240 3112 et
257 3070 322 3112 non
348 3049 432 3124 tale,
456 3059 491 3110 ut
510 3045 594 3110 aliud
616 3048 655 3108 ab
675 3045 797 3110 aliosit
821 3067 882 3128 per
900 3069 1008 3111 causas
1030 3069 1129 3132 quae·

103 3153 185 3216 aliae
211 3154 250 3215 ab
279 3149 345 3214 aiiis
368 3155 570 3214 reducantur.
629 3150 698 3212 Iam
726 3170 837 3211 verum
868 3170 934 3212 non
962 3151 1023 3212 erit
1053 3173 1128 3233 per·

105 3275 216 3318 causas
238 3255 343 3319 omnia
362 3254 454 3316 fieri:
488 3270 590 3336 neque
606 3273 671 3316 -nos
694 3252 810 3315 erimus
830 3274 909 3330 nos,
933 3273 1034 3337 neque
1054 3253 1110 3316 att
1147 3295 1152 3302 -

103 3359 195 3443 quod
226 3377 306 3439 opus
339 3351 500 3431 nostrum,
527 3376 645 3440 ¹neque
674 3375 733 3420 nos
767 3355 1013 3432 raticionarnur‚
1039 3360 1131 3422 ,seda

104 3473 217 3526 nostra
246 3461 389 3524 consulta
404 3478 407 3484 ·
420 3458 545 3522 alterius
573 3471 646 3522 sunt
669 3458 887 3535 ratiocinatio,
924 3479 1028 3543 neque
1043 3480 1111 3527 ,nos

104 3563 250 3650 agimus,
274 3585 338 3627 non
362 3559 461 3647 magis
481 3583 574 3645 quam
595 3565 691 3644 pedes
712 3563 893 3638 caicimnt,
917 3583 990 3624 cum
1004 3584 1064 3626 nos
1078 3564 1111 3626 id

105 3667 238 3732 facimus
253 3687 314 3748 per
325 3678 432 3748 partes
445 3661 559 3729 nostri.
594 3665 696 3748 Atqui
714 3677 845 3749 oportet
862 3669 1111 3749 mnrmquodque

106 3791 177 3834 esse
192 3772 440 3854 unumquodque
455 3781 487 3832 et
503 3767 642 3832 actiones
654 3789 722 3830 esse
737 3781 873 3847 nostras,
900 3768 1130 3853 cogitationes·

104 3894 175 3936 esse
189 3885 340 3948 nostras,
369 3885 399 3935 et
415 3873 566 3954 cuiusque
582 3870 720 3934 actiones
736 3872 836 3934 bonas
847 3891 893 3934 ac
906 3873 1017 3936 foedas
1041 3893 1110 3935 essa
1125 3919 1133 3942 .,

42 4031 46 4048 .
103 3976 217 4060 ipsius,
235 3987 265 4040 et
275 3997 342 4039 non
352 3975 504 4040 universo
515 3973 612 4040 tribui
622 3993 729 4038 rerum
740 3971 880 4056 trupium
895 3975 1106 4050 effectionem.
1126 4013 1131 4026 ·
