2804 4786
215 569 329 648 ptume
351 556 430 624 male
451 553 611 628 intellecto
633 558 707 648 περὶ
728 550 967 638 τάντεξοάσιον.
988 559 1135 647 (Uesper

216 662 337 741 orell.)

152 760 187 840 3)
216 761 253 826 ἐι
272 756 326 848 μὴ
348 755 394 828 δι’
417 742 564 847 ἡμῶν]
584 761 623 825 In
645 759 753 821 Havn.
776 759 866 822 abest
887 760 927 826 ἒι.
968 759 1070 826 Male.

153 863 187 943 1)
216 856 362 954 κύριοι
384 861 525 948 ἐσμὲν]
554 863 700 925 Verbum
721 860 823 925 addidi
844 883 886 926 ex
906 861 1016 927 Havn.
1059 863 1134 945 (0.)

152 965 188 1044 5)
217 957 338 1062 τύχῃ]
363 966 416 1031 Sic
438 968 546 1031 Havn.
570 967 655 1030 Edd.
678 957 780 1052 τύχοι.
802 965 874 1045 (0.)
918 965 1069 1032 Fortasse
1083 967 1134 1036 ἕν-

215 1062 305 1161 τάχῃ.
347 1070 462 1153 (θατμ.
482 1071 605 1146 Orell.)

152 1170 186 1251 6)
215 1172 288 1238 τοῦ
317 1177 392 1258 μὲν
420 1165 681 1263 ἀφίσταται]
726 1169 780 1234 sie
807 1169 916 1234 Havn.
947 1184 978 1235 et
999 1172 1135 1238 Aldinae

214 1275 309 1339 bene.
338 1275 448 1338 Lond.
471 1268 533 1341 κάν
553 1279 614 1362 μὲν
635 1268 829 1365 ἀφίσταται.

214 1379 334 1463 μένει
355 1376 418 1457 δὲ]
441 1379 491 1442 Ita
513 1375 619 1442 Casel.
643 1387 675 1440 et
695 1377 804 1441 Lond.
827 1373 961 1440 Aldinae
983 1377 1012 1444 ἐι
1033 1379 1068 1445 δὲ
1084 1378 1132 1443 vi·

215 1479 309 1544 tiose.
977 1497 980 1502 '

133 1583 173 1665 ¹8
213 1577 429 1677 ᾑρῆσθαι]
459 1583 512 1646 Sic
534 1585 642 1646 Havn.
665 1584 759 1647 bene.
804 1583 887 1646 Nam
908 1583 1051 1670 sequitur
1071 1609 1127 1653 πε-

141 1735 151 1750 ,
213 1689 381 1778 αραχὲναι.
422 1687 508 1750 Edd.
531 1681 717 1777 άιρεῖσθαι.
759 1685 833 1768 (Ο.)
989 1746 993 1754 ,

141 1789 186 1869 ,9)
215 1783 481 1882 μεμφόμεθα
503 1784 673 1870 άυτοῖς]
696 1789 749 1853 Sic
763 1789 913 1855 Aldinae.
924 1786 1133 1885 μεμφόμεθα

216 1885 339 1971 άντοῐς.
360 1895 470 1957 Lond.
493 1892 595 1957 Male.

132 1995 187 2076 10)
215 1991 292 2086 κᾷν
313 1991 471 2072 ἄλλους
492 1994 665 2084 ἴδωμεν]
679 1993 733 2059 Sic
746 1996 855 2061 Havn.
870 1995 1006 2062 Aldinae
1020 2009 1052 2064 et
1067 1996 1132 2063 Ca·

216 2099 275 2164 sel.
299 2083 423 2186 ἴδοιμεν
443 2100 554 2164 Lond.

133 2202 188 2283 11)
215 2195 615 2289 διαλαμβάνοντας]
657 2201 682 2266 i.
704 2223 734 2265 e.
764 2202 977 2284 iudicantes,
1010 2213 1133 2269 senten-

217 2310 303 2370 tiam
315 2305 477 2386 ferentes.
509 2303 594 2369 Vide
617 2325 698 2388 quae
713 2305 952 2394 observavimus
975 2305 1014 2367 ad
1027 2305 1133 2368 Mem·

217 2407 309 2472 nonis
325 2409 489 2488 Excerpta
504 2405 587 2490 Cap.
603 2409 665 2472 L1.
688 2428 723 2490 p.
741 2408 815 2472 249.
839 2405 939 2472 Conf.
963 2406 1131 2493 Schweig-

215 2511 350 2576 haeuser
369 2509 403 2572 in
423 2508 550 2575 Lexieo
572 2509 754 2592 Polybiano
775 2511 811 2574 h.
833 2532 869 2575 v.
892 2511 967 2592 (Ο.)

132 2613 188 2695 12)
216 2607 267 2691 ὡς
288 2606 636 2703 ἁμαρτάνουσιν]
663 2612 1132 2680 Itaeorrexiexemendatione

47 1345 188 1457 ¹⁷)

174 1585 187 1662 )

158 2773 162 2786 ,
218 2713 425 2780 Schulthessii
446 2715 622 2782 verissima.
677 2718 764 2782 Edd.
793 2710 844 2796 ὁῐρ
875 2710 1163 2809 ἁμαρτάνουσιν.ὶ

134 2923 189 3003 13)
217 2914 263 2987 τό
290 2910 353 3001 τε]
390 2919 443 2985 Sic
465 2943 535 2986 cum
558 2920 687 2988 Gaseh'o
709 2921 820 2988 diremi
840 2942 938 2988 voees
960 2944 1055 2990 sensu
1074 2923 1134 2988 fla·

219 3023 349 3110 gitante.
394 3022 529 3088 Aldinae
552 3037 583 3089 et
603 3027 714 3089 Lond.
743 3020 817 3093 τότο
837 3046 900 3088 una
920 3047 1015 3090 voce.
1059 3028 1134 3109 (Ο.)

134 3129 189 3206 11)
217 3120 266 3204 ὡς
285 3118 440 3216 πράξαι
462 3122 531 3218 ἂν]
560 3127 695 3208 Aldinae
717 3124 795 3206 τοὺς
809 3123 987 3220 αράξαιάν
1008 3128 1134 3194 vitiose.

134 3230 189 3310 15)
218 3224 326 3293 ἄλλα
348 3223 668 3306 τινά111ιιΗτνο.
691 3242 724 3294 et
744 3229 851 3296 casel.
874 3236 931 3299 καὶ
951 3227 1038 3298 ἄλλα
1061 3229 1136 3299 τινά

218 3332 328 3396 Lond.
350 3329 454 3394 Male.
497 3331 570 3412 (Ο.)

542 3567 627 3612 cn.
651 3569 728 3612 xm.

125 3793 129 3800 .
158 3747 192 3827 1)
221 3739 586 3836 ἐπιχειρήσοντες]
608 3745 658 3809 Ita
673 3741 757 3808 Cod.
773 3746 882 3810 Havn.
899 3746 1029 3832 optime.
1047 3749 1131 3812 Edd.

221 3844 486 3938 ἐπιχειρήσαντος.
528 3847 602 3928 (0.1

156 3952 190 4031 2)
219 3947 268 4029 ὠς
289 3945 511 4032 σώζεσθαι
532 3954 601 4020 καὶ
622 3944 789 4031 άοτοῖς]
813 3951 856 4014 Et
870 3953 948 4016 haec
963 3951 1135 4018 leetioCo·

1311 4233 1314 4242 Q
1385 4079 1388 4220 ι
