2804 4786
276 373 338 438 tet

359 539 434 606 dieis
458 537 566 604 Havn.
590 533 764 620 elegantior
793 523 923 610 vulgata
956 515 999 598 ὧι
1027 515 1188 602 σώζονται
1220 523 1272 586 καὶ

359 640 464 710 derel.
508 640 580 722 (0.)

298 750 331 828 3)
361 743 404 812 τὸ
426 738 669 832 γινόμενοι]
703 738 836 804 Aldinae
858 761 892 804 τε
914 732 1094 826 γινόμενον.
1137 737 1274 854 vitiose.

214 895 221 908 .
298 852 332 930 t)
361 845 472 915 τὰδὲ
458 845 494 925 ὲ]
530 849 578 911 Ita
599 847 708 910 Havn.
732 841 815 906 Edd.
839 836 921 909 aeid'.

299 954 332 1034 5)
361 946 469 1018 κατὰ
490 946 562 1030 τὴν
583 943 711 1028 ζώοτ]
732 941 886 1010 Delevi
869 943 933 1013 τιτὸ
955 956 1025 1010 ante
1047 940 1130 1029 ζώου
1149 958 1278 1012 auctore
1323 997 1331 1008 .

367 1052 506 1118 Caselin.
552 1053 625 1132 (0.)

302 1157 335 1238 6)
363 1153 446 1224 ἀλλ’
471 1159 515 1222 ἐκ
536 1157 608 1222 τοῦ
628 1150 680 1242 μὴ
701 1149 925 1226 δύνασθαι
947 1151 991 1221 τὸ
1012 1153 1066 1242 μὴ
1093 1152 1281 1248 πεφυκὸς

367 1259 451 1340 ete]
495 1263 605 1323 Locus
627 1258 741 1341 procul
764 1257 860 1328 dubio
883 1271 1070 1342 corruptus,
1099 1260 1186 1324 euius
1209 1281 1281 1323 sen·

368 1387 436 1430 suan
458 1363 601 1448 equidem
623 1363 778 1426 extricare
799 1383 863 1426 non
884 1363 987 1446 potui.
1021 1363 1157 1446 Videtur
1178 1374 1282 1427 tamen

369 1469 412 1532 ita
426 1470 548 1554 'legisse
582 1479 613 1530 et
635 1465 808 1552 Bagolinus
831 1469 870 1529 ad
897 1467 1031 1530 verbnm
1063 1465 1108 1529 sie
1140 1479 1281 1542 vertens,

371 1572 432 1638 aed
452 1593 497 1636 ea·
515 1592 555 1635 eo
576 1568 674 1652 quod*
686 1591 754 1632 non
770 1572 877 1651 possit
895 1569 992 1653 qnod
1007 1591 1075 1632 ιιοιι
1092 1580 1214 1632 nalum
1238 1580 1286 1634 est

372 1687 437 1740 ete.
464 1669 608 1747 Grotius,
632 1679 666 1732 ut
688 1691 729 1734 ex
750 1669 897 1734 versione
918 1670 983 1732 eins
1005 1680 1147 1752 apparet,
1171 1670 1287 1755 legisse

314 1787 317 1798 '
370 1775 496 1842 videtin
517 1770 586 1840 ἀλλ’
611 1774 726 1839 ἐκ“τοῦ
745 1769 791 1858 μὴ
813 1767 986 1838 δύνασθαι
1006 1773 1067 1839 τοῦ
1080 1770 1227 1866 πεφυκὸς
1241 1769 1286 1860 μὴ

373 1880 552 1969 πεφυκέναι
584 1877 651 1957 (vel
679 1878 849 1962 γίνεσθαι)
886 1875 1116 1940 Schulthessius
1137 1889 1285 1940 vertens:

375 1980 518 2044 sondern
538 1981 612 2044 weil
632 2000 665 2044 es
684 1980 774 2042 neele
798 1981 855 2046 der
877 1977 993 2042 Natnr
1019 1980 1073 2043 des
1096 1979 1188 2062 Βίης
1165 1999 1203 2041 a
1230 2001 1287 2042 τιτι-

297 2099 301 2110 ’
376 2090 458 2162 mn'g
438 2080 530 2142 liele
553 2089 660 2146 ιιᾶντ
681 2078 758 2142 elasa
774 2099 806 2142 es
824 2080 918 2142 nielat
935 2082 1107 2199 geawede,
1127 2079 1247 2164 legit'
1220 2101 1287 2143 stne

375 2181 490 2245 dubio:
514 2175 623 2246 ἀλλ’
607 2204 642 2246 εκ
665 2182 723 2244 τοῦ
742 2206 788 2266 μη
776 2171 1022 2246 δύνασθαι
990 2205 1028 2245 το
1043 2176 1129 2247 ‹inite›
1143 2180 1290 2276 πεφυκὸς

374 2282 419 2371 μὴ
442 2284 608 2369 γίνεσθαι.
653 2283 715 2350 Sed
737 2283 807 2348 vide
830 2285 947 2348 Notam
969 2297 1162 2380 sequentem.
1204 2287 1289 2350 Nro.

377 2388 409 2450 8.
455 2386 528 2467 (Ο.)

318 2495 350 2573 7)
381 2485 431 2570 ὡς
451 2485 684 2572 ἀδύνατοι]
707 2495 815 2556 Havn.
839 2504 871 2557 et
891 2493 1025 2557 Aldinae
1048 2493 1195 2558 omittunt
1217 2487 1271 2572 ὡς.

317 2597 351 2676 8)
380 2600 450 2662 καὶ
478 2590 706 2676 ἀδύνατον]
744 2599 835 2660 Haec
862 2599 962 2660 verba
989 2599 1102 2660 absunt
1128 2596 1160 2658 in
1183 2599 1291 2660 Have.

382 2699 455 2778 (0.)
489 2700 578 2764 Haeo
599 2699 727 2764 emissio
750 2700 831 2762 viam
846 2699 921 2764 mihi
935 2700 1057 2781 aperuit
1071 2711 1172 2764 totum
1186 2700 1292 2765 locum

381 2804 424 2866 ita
446 2803 646 2866 emendandis
684 2799 752 2869 ἀλλ’
783 2804 818 2869 ἐκ
850 2803 907 2869 τοῦ
927 2799 972 2889 μὴ
995 2798 1167 2869 δύνασθαι
1190 2799 1228 2868 τὸ
1250 2799 1295 2889 μὴ

378 2902 524 2998 πεφυκὸς
546 2899 657 2986 deirae,
681 2901 782 2972 ὄντων
804 2907 866 2974 τῶν
884 2899 1106 2995 περιεστώτων
1126 2900 1295 2984 τοιούτων,
1351 2925 1356 2932 ’

380 3005 423 3087 ὡς
443 3004 607 3078 ἀδύνατον
627 3005 717 3102 ἆυτῷ
737 3005 782 3096 μὴ
804 3011 1029 3100 περιεστᾶιιιιι,
1061 3002 1134 3076 τότε
1156 3008 1297 3089 (iunctim

382 3134 446 3177 non
479 3107 576 3192 τὸ,τε)
609 3109 716 3192 ἄλλως
748 3137 817 3190 πως
843 3115 898 3178 καὶ
925 3109 971 3198 μὴ
999 3107 1085 3180 ὀῦτω
1106 3114 1298 3194 κινηθῆναι.

379 3205 491 3296 (Caspi
512 3215 631 3293 Orell.)

322 3319 354 3392 ⁹)
385 3310 541 3397 ταύτην
569 3307 596 3384 d
625 3316 734 3381 ἐῐναι
764 3317 835 3395 τῆς
866 3307 1068 3396 τοιαύτης
1099 3307 1301 3396 κινήσεως

386 3416 493 3486 κατὰ
516 3415 664 3510 φύσιν]
688 3413 773 3484 κατὰ
795 3419 958 3482 delendum
978 3429 1071 3500 puto·
1094 3417 1166 3500 (0.)
1189 3417 1301 3479 Scribe

387 3517 474 3588 κάτω
497 3524 608 3606 (Uasp
631 3522 733 3590 Orell.
736 3529 748 3603 )
772 3521 823 3584 vel
844 3521 948 3604 potius
972 3522 1029 3603 τῆς
1051 3515 1149 3587 κάτω.
1185 3519 1258 3600 (Ο.)

304 3620 408 3706 ill)
387 3651 434 3704 ως
457 3625 497 3706 ἐξ
517 3651 593 3692 τινα
601 3650 676 3708 yae
667 3623 722 3704 ις]
746 3626 854 3687 Havn.
879 3635 909 3688 et
931 3623 1064 3687 Aldinae
1087 3622 1234 3687 omittunt
1250 3646 1301 3697 ως.

390 3729 496 3804 Male,
535 3749 605 3792 nam
635 3730 770 3808 pendent
797 3729 876 3791 haee
909 3729 1007 3792 verba
1029 3729 1069 3790 ab
1091 3723 1303 3798 antecedenti

389 3832 468 3900 bne:
491 3826 613 3922 tenena
635 3824 661 3902 δ’
686 3832 769 3898 ilvae
791 3827 911 3921 φύσιν..
931 3827 1017 3914 Ι(Ο.)
