2782 4790
274 467 334 528 148

252 629 399 756 ’σκευήν
455 633 601 699 Τοιαῦτα
626 632 689 698 τῶν
706 628 740 698 έν
756 633 880 751 γενέσει
905 637 961 700 κοιλ
982 634 1106 750 φθορᾷ
1130 640 1279 721 πλεῖστα,
1317 629 1320 636 ’

273 734 323 816 ὁῖς
341 764 387 826 μη
379 733 476 802 ’ἐστι
493 729 643 826 θάτερον
663 735 727 801 τῶν
746 729 972 853 ἀντικειμένων
993 730 1182 827 σύμφυτον·
1204 742 1281 808 ἕκα·

272 865 351 907 στον
368 837 433 931 γάρ
458 834 565 905 ἀυτῶν
587 831 658 904 ὁῖύν
678 861 714 903 τε
731 831 775 902 τά
792 831 993 924 ἀντικείμενα
1015 834 1151 927 πάσχειν
1167 867 1202 910 τε
1223 849 1281 912 καὶ

270 940 333 1030 μή,
355 943 453 1008 τοῦτο
474 943 634 1028 ἐνδέχεται
653 943 780 1006 παθεῖν
799 937 848 1020 ²⁸)
868 963 902 1006 τε
924 937 1045 1027 καὶμὴ
1066 947 1203 1014 παθεῖν.
1236 939 1282 1014 ‘¹0

269 1050 304 1112 δὲ
333 1047 493 1132 ἐνδέχεται
520 1037 738 1131 μεταβάλλειν
767 1043 813 1121 έις
838 1037 878 1109 τὸ
904 1038 1137 1131 ἀντικείμενον,
1179 1050 1282 1116 τοῦτο

269 1145 328 1216 ούκ
356 1147 444 1215 ἔστιν
476 1146 509 1228 ἐξ
539 1140 699 1232 ἀνάγκης,
743 1147 777 1213 έν
804 1134 831 1237 ᾧ
863 1141 1010 1239 φθάσαν
1043 1149 1131 1217 ἐστὶν
1162 1146 1281 1221 ἀντῶν.

268 1251 453 1332 Συνίστηοι
481 1252 517 1316 δὲ
542 1245 648 1336 τὸμὴ
675 1244 785 1316 πάντα
813 1248 846 1329 ἐξ
865 1244 1009 1336 ἀνάγκης
1028 1249 1208 1338 γίγνεσθαι
1230 1249 1281 1322 ’τά

265 1349 463 1481 γιγνόμενα,
495 1347 535 1418 τό
565 1377 597 1418 τε
621 1346 670 1444 ἐφ
694 1346 787 1476 ἡμῖν,
820 1346 863 1429 ὡς
884 1351 1030 1444 ἔφαμεν,
1066 1351 1167 1438 καὶὴ
1198 1352 1280 1445 τάχη

266 1461 360 1537 ικανη
383 1449 549 1549 διακόψαι
573 1477 633 1534 την
657 1457 824 1541 συνέχειαν
848 1454 911 1521 τῖν
933 1457 967 1524 ἐν
983 1452 1072 1538 τάξει
1090 1463 1154 1526 τινὶ
1173 1460 1281 1547 γύγνε-

265 1565 356 1627 σθαι
384 1551 576 1646 δοκούντων
615 1551 664 1622 'Et
686 1558 722 1622 δὲ
743 1552 838 1624 οὐδὲν
804 1563 921 1645 ἐμέν
943 1546 1044 1640 ἧττον
1067 1561 1200 1654 ἐναργὲς
1220 1564 1281 1645 τῆς

265 1665 459 1753 έιμαρμένης
430 1655 517 1743 γτὸ
539 1658 621 1726 έῖναῖ
643 1683 675 1724 τι
697 1654 746 1751 ἐφ
769 1655 863 1746 ημῖν,
885 1665 942 1728 καὶ
962 1657 1002 1728 τὸ
1023 1664 1203 1750 γίγνεσθαι
1223 1673 1280 1733 και

265 1761 331 1831 ἀπὸ
349 1759 447 1851 τύχης
460 1758 569 1829 πολλά
585 1769 640 1828 καὶ
657 1757 724 1828 ἀπὸ
741 1758 961 1852 τάυτομάτον,
984 1770 1039 1833 καὶ
1058 1758 1143 1846 ὅλως
1160 1770 1195 1838 έν
1208 1775 1280 1848 τοῖς

264 1871 297 1936 έν
316 1869 454 1953 γενέσει,
477 1867 510 1932 έν
531 1859 582 1942 ὁῖς
600 1865 669 1931 ἐστι
687 1870 741 1931 καὶ
764 1861 785 1947 ἦ
808 1868 1000 1956 έιμιιρμένη,
1031 1871 1115 1936 δῖναι
1139 1876 1196 1938 καὶ
1217 1869 1278 1954 τὴν

262 1994 320 2037 του
305 1970 544 2057 ἐνδεχομένου
565 1963 684 2060 φύσιν,
706 1969 804 2034 τούτο
827 1965 900 2035 δὲ’
848 1975 1013 2062 δαναιρεῖ
1026 1969 1065 2038 τὸ
1083 1969 1277 2061 ἀναγκαῖον,

262 2068 476 2142 ἀδύνατον’“
444 2096 528 2138 ειναι
549 2066 609 2152 τὴν
628 2072 825 2159 έιμαρμένην
842 2067 1025 2159 ἀναγκαῖόν
1042 2099 1075 2142 τι
1096 2082 1153 2144 καὶ
1166 2103 1279 2170 παρα·

259 2178 360 2264 βαθι
360 2201 417 2244 ναι
436 2171 481 2264 μη
501 2168 690 2262 δυνάμενον.
727 2169 835 2240 Αλλά
853 2201 919 2264 μην
936 2171 1148 2270 ἁμολογεῖται
1165 2177 1277 2250 πάντα

259 2277 302 2348 τά
326 2275 407 2347 καθ
442 2279 637 2369 έιμαρμένην
661 2271 837 2364 γιγνόμενα
865 2276 952 2346 κατά
985 2278 1077 2364 τάξιν
1107 2288 1164 2350 καὶ
1196 2280 1277 2352 ἀκο-

260 2383 406 2500 λουθίμν
426 2379 604 2476 γίγνεσθαί
620 2403 711 2461 τινα,
735 2381 790 2448 καί
810 2405 843 2448 τι
863 2383 1019 2505 έφεξης”
999 2411 1082 2474 εχειν
1103 2388 1136 2454 έν
1150 2383 1276 2468 ἀντοῖςι

262 2482 307 2553 Οὐ
334 2480 398 2575 γάρ
424 2481 464 2566 δὴ
484 2487 555 2602 τοῖς
583 2479 650 2549 ἀπὸ
671 2477 770 2570 τύχης
791 2475 893 2573 ὅμοια
914 2484 957 2553 τά
977 2490 1036 2570 τῆς
1059 2490 1274 2584 έιμαρμένης·

258 2590 362 2656 ἐκεῖνα
385 2595 445 2674 μὲν
468 2582 534 2708 γάρ
560 2580 692 2652 άοτατά
712 2607 747 2652 τε
767 2592 823 2654 καῖ
848 2590 991 2670 σπανίως
1015 2588 1194 2682 γιγνόμενα
1215 2601 1273 2664 καλ

258 2685 416 2812 σχεδὸν
397 2690 547 2768 αναῖτια,
584 2684 623 2754 τὸ
651 2691 687 2755 δὲ
711 2683 837 2756 καθ’(
821 2696 1018 2784 ειμαρμένην
1044 2697 1111 2764 πάν
1133 2694 1275 2770 τόυναν

259 2795 343 2861 τίον·
380 2787 492 2884 έιρμύν
522 2793 603 2878 γούν
631 2787 745 2858 ἀιτίων
770 2800 874 2915 φασὶν
902 2791 1007 2879 ἀυτὴν
1032 2800 1125 2868 έῖναι.
1179 2797 1271 2870 >Ἀλλ

257 2892 333 2963 οὐδὲ
358 2895 404 2987 τῷ
425 2889 513 2961 κατά
537 2895 731 3014 μροαιρεσιν
750 2892 865 2976 29)
825 2894 949 2968 ταυτὸν
973 2894 993 2982 ἡ
1015 2903 1194 2994 έιμαρμένη
1216 2909 1274 2974 δυ.

236 3019 238 3026 ’
257 3025 304 3066 κει
323 3001 421 3068 έῖναι
450 2993 698 3064 διακύπτεοθαι
718 2995 783 3090 γάρ
810 3003 856 3082 ³⁰)
878 2997 917 3067 τὸ
935 3003 1109 3093 συνεχές
1090 3009 1194 3089 αυτῆς
1214 3005 1272 3104 ὑφ’

256 3097 346 3191 ημῶν
367 3107 423 3169 καὶ
446 3103 506 3183 τῆς
531 3096 690 3192 ημετέρας
714 3105 935 3192 προαιρέσεως
955 3102 1124 3188 πολλάκις.
1164 3106 1274 3180 Αλλᾶ

155 3237 163 3259 ι
238 3201 322 3294 ,μὴν
342 3207 375 3273 ἐν
400 3209 470 3283 τοῖς
497 3212 644 3323 γενητοῖς
670 3229 703 3269 τε
728 3211 783 3271 καὶ
812 3210 987 3298 φθαρτοῖς
1008 3212 1116 3279 ταῦτα
1144 3208 1274 3306 ὁρῶμεν

185 3379 199 3393 ,4
255 3304 348 3376 ἀίτια
372 3304 466 3400 παρὰ
484 3331 544 3388 την
566 3306 769 3374 συνιοτάοαν
795 3310 838 3388 ⁶¹)
868 3306 971 3402 φύσιν
989 3309 1077 3380 ἀυτά
1098 3321 1154 3384 καὶ
1177 3320 1275 3408 δημι-

255 3411 442 3503 ουργούσαν
465 3411 655 3501 προαίρεσίν
686 3433 719 3476 τε
748 3416 805 3476 και
830 3408 868 3478 τὸ
900 3409 1091 3503 ἀντόματον
1123 3426 1181 3488 καὶ
1213 3420 1276 3506 τὴν

253 3510 438 3634 τύχην·οὐ
464 3512 528 3602 γάρ
558 3516 591 3579 έν
614 3506 745 3590 τούτοις
766 3509 804 3579 τὸ
826 3512 913 3582 κατὰ
936 3520 1065 3605 τέχνην,
1097 3511 1141 3590 ὧν
1162 3521 1274 3595 οὐδενὶ

253 3613 374 3685 τάυτὸν
398 3614 517 3697 τὸτῆς
541 3617 736 3706 έιμαρμένης
758 3618 841 3685 έῖναι
865 3621 962 3690 δοκεῖ.
1012 3623 1225 3693 Λειπεται”
1200 3655 1271 3720 αρα

251 3718 312 3801 τὴν
329 3721 525 3810 έιμαρμένην
495 3720 648 3804 γμηδέν
614 3715 798 3785 έάλλο”
777 3747 798 3801 η
823 3718 882 3802 τὴν
908 3718 1031 3792 ὀικείαν
1056 3723 1161 3818 φύσιν
1182 3733 1269 3801 έῖναι

252 3819 402 3890 ἑκάστου
460 3817 506 3887 θύ
534 3817 599 3912 γάρ
629 3817 714 3903 δὴ
699 3847 732 3888 αν
757 3824 803 3912 τῷ
832 3821 988 3894 καθόλου
1016 3834 1071 3896 καὶ
1099 3836 1199 3926 κοινῷ
1229 3831 1270 3904 τύ

251 3953 310 4008 της
330 3927 532 4050 έιμαμμένης
537 3975 545 4004 ,
579 3920 650 3991 ὁῑον
672 3919 782 4003 ἁπλῶς
808 3921 912 4007 ζώων,
951 3924 1158 4022 ἀνθρώπων,
1195 3935 1268 4008 ἀλλ’

250 4035 283 4098 έν
309 4035 378 4107 τοῖς
403 4023 483 4094 καθ’
516 4031 654 4108 έκαοτα,
687 4023 862 4118 Σωκράτει
887 4053 921 4095 τε
950 4037 1004 4098 και
1024 4035 1170 4129 Καλλία.
1211 4039 1267 4110 Ἐν
