2758 4790
1081 375 1141 462 tit
1245 483 1246 492 Ν

141 583 173 636 ct
198 573 317 637 dehac
341 567 538 638 manifestum
567 581 617 636 est
640 569 812 638 Platonem
837 569 954 655 ubique
984 570 1137 644 clamare,
1185 644 1186 648 Ἰ

140 675 407 754 etcontendero‚
446 678 533 760 quod
553 695 646 738 nemo
672 673 853 739 velmitario
874 675 972 738 malus
996 673 1053 749 sit,
1084 675 1141 740 sed
1194 659 1196 668 x

139 777 214 841 mali
238 777 327 842 inviti
347 779 419 842 mali
442 779 541 856 fiant,
577 779 650 841 dum
669 772 815 860 p'eccentl
874 777 908 840 Si
928 797 1008 844 vero
1030 775 1136 852 inviti,

138 901 214 945 sane
232 881 322 945 etiam
342 905 412 945 crim
438 883 570 966 quadam
585 881 781 945 necessitate.
825 880 909 944 Illud
931 879 1054 944 interim
1073 900 1138 943 non

137 996 170 1048 te
192 984 302 1061 lateat,
328 984 414 1069 quod
436 987 550 1049 multos
574 984 682 1068 quiid
704 983 853 1069 ignorant
878 985 1045 1047 admodum
1070 994 1138 1045 tur·

139 1089 212 1164 bat,
251 1090 338 1171 quod
372 1109 436 1152 uno
469 1087 565 1152 modo
595 1088 764 1150 necessitas
791 1086 930 1162 dicatur,
968 1089 1137 1150 secundum

138 1211 233 1275 quam
255 1211 347 1255 omne
369 1192 456 1274 quenl
476 1190 567 1256 aliter
588 1189 776 1274 contingere
796 1211 860 1256 non
880 1199 1005 1274 potest,
1029 1209 1139 1252 neces·

134 1292 254 1357 sarium
280 1293 418 1358 dicatur:
457 1294 519 1359 alio
552 1306 655 1358 autem
681 1293 777 1358 modo
810 1291 977 1356 necessitas
1005 1291 1139 1376 proprie
1172 1325 1175 1340 ·
1256 1289 1262 1304 ’

104 1395 106 1401 ⁴
137 1397 261 1464 dicatur
282 1397 425 1476 coactio,
456 1419 522 1482 quo
547 1410 580 1464 et
601 1399 696 1466 Plato
716 1399 777 1467 hac
796 1417 876 1462 voce
900 1395 1018 1474 utitur,
1048 1395 1138 1460 sitin

136 1499 291 1583 Cratylo:
330 1503 519 1584 „Qiioilnam
542 1503 702 1568 vinculum
727 1500 849 1564 animali
882 1501 993 1584 cuique
1021 1499 1136 1566 lortius

136 1617 210 1679 „cst
231 1607 270 1668 ad
283 1609 474 1694 ¹manendum
500 1626 689 1691 quocunque
716 1605 748 1670 in
761 1606 871 1682 floro,
910 1605 1077 1670 necessitas
1099 1627 1138 1670 an

126 1707 373 1784 ,desiderium
419 1712 580 1786 Multum,
618 1709 735 1794 inquit,
774 1732 794 1775 o
825 1711 973 1775 Socrates
998 1720 1139 1792 praestat

135 1812 383 1889 „desiderium”
428 1814 492 1881 Hie
505 1813 721 1878 necessitatem
737 1813 868 1895 proprie
884 1825 978 1877 uocat
996 1811 1138 1878 coactio·

134 1937 228 1992 nem,
252 1938 353 2000 neque
377 1928 479 1980 tamen
500 1917 687 1982 desiderium
709 1928 803 2001 negat
825 1937 893 1980 esse
913 1915 1136 1992 necessarium,

91 2023 93 2032 ’
135 2021 193 2082 sed
211 2018 320 2082 deinde
343 2019 434 2082 etiam
452 2020 610 2084 vinculum
629 2021 702 2084 dicit
726 2042 793 2084 esse
812 2019 995 2083 necessitate
1009 2018 1139 2084 fortius.

135 2123 222 2188 Nam
253 2124 416 2206 quomodo
445 2121 485 2186 sit
511 2123 677 2208 quicquam
697 2146 761 2188 non
791 2121 1000 2186 necessarium
1021 2120 1140 2186 fortius

135 2226 339 2304 necessitate,
365 2227 432 2302 cui,
462 2238 498 2289 ut
512 2227 619 2303 aiunt,
650 2249 689 2290 ne
710 2217 798 2290 Deus
818 2226 943 2312 quidem
960 2223 1140 2310 repugnat?

136 2329 346 2397 Manifestum
376 2353 450 2394 sane
482 2342 531 2394 est
556 2329 588 2394 id
610 2331 702 2415 qnod'
716 2332 902 2396 necessitate
928 2343 975 2394 est
1001 2331 1135 2407 fortius,

135 2435 239 2498 mitlto
269 2434 368 2520 magis
399 2445 430 2498 et
453 2431 556 2516 ipsum
579 2437 694 2497 debere
722 2456 790 2499 esse
816 2434 1037 2499 necessarium.
1083 2435 1137 2498 Ab

133 2539 199 2604 hac
219 2537 317 2623 igitur
347 2537 485 2602 violenta
513 2537 698 2602 necessitate
730 2539 802 2602 dum
836 2538 965 2621 cupiunt
998 2537 1140 2603 nonnulli
1243 2597 1244 2600 ,

135 2641 275 2706 liberare
296 2641 446 2718 animam,
479 2655 597 2706 exuunt
617 2643 701 2705 illam
721 2641 813 2706 simul
829 2631 892 2706 ⁴alia
911 2643 963 2706 illa
987 2653 1018 2706 et
1039 2643 1139 2728 magis

137 2744 244 2809 divina
276 2745 480 2823 necessitate,
527 2767 606 2828 quac
635 2745 666 2808 in
699 2745 927 2828 spontaneitate
952 2758 983 2810 et
1015 2745 1141 2812 actione

135 2851 309 2915 secundum
330 2862 464 2913 mentem
487 2859 534 2912 est
559 2848 676 2930 posita.
732 2849 795 2930 Qui
818 2850 943 2932 quidem
970 2849 1039 2914 ¹non
1064 2868 1140 2931 per·

85 2953 87 2959 '
116 2951 296 3036 ‘pendunt,
333 2954 419 3036 quod
439 2954 557 3017 bonum
581 2953 680 3016 multo
707 2953 807 3037 magis
835 2973 1052 3037 quamcunque
1079 2975 1139 3040 gu-

134 3058 252 3138 bernat
268 3053 415 3133 animam,
440 3077 511 3119 cum
525 3051 708 3119 necessitate
728 3055 894 3141 gubernet,
919 3055 1036 3138 quippe
1051 3057 1138 3140 quod

134 3161 221 3223 inter
243 3177 350 3219 omnes
370 3179 477 3222 causas
497 3170 545 3224 est
561 3157 767 3224 fortissimum
783 3170 814 3222 et
832 3158 966 3240 maxime
988 3158 1136 3246 activum.

137 3261 204 3324 Sed
223 3259 437 3341 imprudenter
464 3262 507 3324 ita
535 3264 622 3327 hono
647 3263 875 3339 infirmitatem,
916 3261 1034 3325 animae
1056 3284 1136 3327 vero

75 3402 77 3406 ·
138 3364 306 3428 vanitatem
326 3362 485 3440 tribuunt,
509 3365 536 3428 si
557 3365 706 3442 animam,
731 3387 810 3450 quae
832 3368 951 3430 bonum
973 3367 1136 3450 quodcun-

138 3473 200 3553 que
221 3467 437 3543 intellexerat,
472 3489 615 3550 quaeque
643 3473 706 3534 hoc
727 3491 805 3551 prae
826 3469 954 3553 reliquis
974 3453 1136 3550 probave-

138 3584 206 3649 rat,
231 3569 354 3655 quidvis
378 3569 502 3652 potius,
538 3591 632 3653 quam
655 3575 742 3656 quod
767 3571 918 3656 optimum
942 3571 1042 3637 visum
1069 3585 1138 3638 erat

138 3676 307 3740 electuram
328 3685 475 3740 statuant.
813 3687 816 3694 ·
