2782 4790
1079 403 1118 463 95

118 577 231 632 ctmcta
256 565 326 630 fieri
353 586 392 626 ex
414 565 616 637 necessitate,
641 565 714 648 quia
736 563 872 641 scilicet,
907 567 938 630 ni
966 569 997 632 id
1019 573 1119 646 esset,

116 693 181 734 non
208 683 340 752 possent
376 669 435 731 ista
465 667 645 748 praenosci.
711 670 808 749 Quod
842 669 869 732 si
901 693 942 733 ex
977 673 1121 737 Deorum

115 771 424 858 praesignificatione
448 793 484 833 ac
506 771 713 852 praenotione
735 774 905 838 necessitas
928 775 1020 838 etiarn
1038 781 1122 858 apud

115 878 194 939 istos
225 887 338 942 eontra
367 897 447 958 quos
477 895 535 937 nos
564 874 755 955 disputamus
782 889 871 942 reete
899 877 1055 956 infertur,
1095 879 1122 943 si

96 981 176 1042 -iam
200 979 232 1041 in
258 981 353 1042 rebus
368 989 437 1043 'non
455 978 496 1040 sit
514 977 699 1054 necessitas,
734 1002 930 1063 consequens
953 982 1012 1044 erit
1029 983 1121 1046 etiam

116 1083 324 1164 exipsorum
351 1081 504 1146 sententia
526 1103 591 1145 non
615 1082 783 1162 praenosci
813 1083 920 1146 sutura
948 1108 987 1148 ne
1016 1087 1121 1150 aDiis

116 1185 263 1270 quidem..
298 1186 412 1268 Itaque
439 1197 471 1247 et
502 1182 563 1265 ipsi
581 1184 715 1267 aliquam
736 1185 951 1268 impotentiam
973 1189 1043 1252 Diis
1068 1212 1121 1253 re·

113 1289 281 1372 linquunt,
313 1287 340 1350 si
365 1289 462 1352 modo
483 1286 686 1369 impotentiae
713 1289 781 1352 sive
805 1289 992 1354 infirmitatis
1016 1305 1064 1356 est
1084 1315 1122 1356 ea

113 1413 178 1454 non
204 1412 301 1474 posse
322 1413 405 1474 quae
429 1391 500 1452 fieri
524 1404 695 1474 nequeunt.
741 1392 829 1455 Nihil
851 1392 949 1478 igitur
965 1395 1036 1476 plus
1058 1418 1120 1478 po·

112 1497 230 1559 tentiae
255 1517 315 1577 per
331 1494 562 1576 praedictiones
585 1495 656 1558 Diis
675 1498 851 1559 adstruunt.
897 1497 962 1576 Sed
978 1498 1051 1582 quia
1063 1501 1120 1561 has

113 1595 287 1681 anticipato
318 1610 466 1674 sumunt,
502 1598 575 1661 ideo
605 1610 636 1661 et
664 1611 807 1662 naturam
839 1623 945 1664 rerum
976 1601 1121 1666 introdu-

113 1714 206 1778 cunt,
246 1723 326 1784 qnae
355 1700 407 1763 isti
431 1701 580 1764 sumtioni
602 1703 789 1766 consentiat.
849 1704 968 1767 Dicunt
995 1705 1121 1769 interim

113 1828 150 1868 ea
176 1827 258 1888 quae
281 1826 341 1867 nee
369 1803 596 1886 consequentia
624 1818 716 1882 sunt,
756 1829 814 1870 nee
847 1820 1056 1872 consentanea
1084 1809 1120 1872 iis

112 1931 193 1992 qnae
218 1908 316 1984 fiunt,
355 1917 386 1970 et
412 1907 443 1970 in
470 1907 644 1989 conspicuo
674 1922 746 1972 sunt
770 1911 887 1992 posita.
942 1914 1025 1976 Nam
1050 1913 1121 1977 sia

112 2012 239 2076 ratione
268 2033 330 2095 qua
352 2010 404 2073 isti
432 2023 692 2094 argumentantur
715 2015 928 2096 argumentari
950 2017 1042 2093 licet,
1082 2017 1120 2079 li·

113 2115 196 2178 cebit
217 2114 280 2176 iam
307 2113 410 2178 omnia
437 2135 517 2196 quae
539 2113 610 2174 fieri
631 2136 697 2178 non
722 2129 856 2196 possunt
875 2120 1024 2199 probare
1037 2140 1117 2196 esse,

111 2219 183 2282 ideo
208 2220 296 2300 qued
316 2239 380 2280 non
409 2216 561 2278 credibile
593 2216 633 2279 sit
661 2239 698 2280 ea
729 2241 748 2280 a
772 2219 841 2282 Diis
865 2218 1021 2305 ignorari.
1067 2223 1121 2284 Sic

113 2322 223 2404 aliquis
244 2342 306 2402 pro
330 2332 420 2383 certo
439 2341 565 2382 sumens
587 2322 741 2384 absonum
763 2343 832 2384 esse
850 2345 868 2385 a
886 2323 955 2387 Diis
978 2323 1122 2409 ignorari

112 2425 285 2500 infinitum,
321 2425 408 2506 quod
437 2423 468 2485 in
494 2445 527 2485 se
552 2425 667 2486 habeat
695 2425 775 2488 certi
796 2427 921 2510 generis
943 2451 1117 2503 mensuras,

113 2551 188 2594 mox
212 2539 350 2591 assumet
370 2527 445 2590 seiri
466 2549 561 2609 posse
583 2540 717 2610 quantae
740 2551 902 2592 mensurae
924 2531 965 2592 sit
985 2531 1020 2592 id
1033 2535 1121 2614 quod

112 2633 268 2696 infinitum
292 2643 357 2694 est:
382 2633 470 2714 quod
490 2631 517 2694 si
537 2633 600 2693 hoc
613 2632 688 2693 seiri
707 2645 831 2713 potest,
856 2644 945 2697 certo
965 2633 1120 2696 infinitum

111 2738 229 2804 habere
256 2735 417 2798 definitum
444 2756 661 2798 mensurarum
682 2737 789 2798 talium
814 2759 990 2800 numerum.
1035 2739 1118 2800 Nam

111 2840 136 2903 si
155 2841 190 2904 id
210 2839 355 2914 nonsit,
380 2838 442 2902 iam
467 2838 674 2922 ignoramros
691 2839 800 2915 Deos,
826 2827 1120 2922 quantamrm‘men·

111 2966 257 3008 surarum
278 2942 318 3005 sit
335 2943 368 3006 id
387 2944 473 3025 quod
488 2954 534 3006 est
552 2941 719 3004 infinitum.
753 2941 1016 3027 Quandoquidem
1038 2967 1119 3009 vero
1186 3020 1190 3034 1

111 3067 285 3130 praenosse
308 3046 416 3111 futura
442 3058 491 3108 est
526 3067 562 3108 ea
588 3065 759 3127 praenosse
794 3046 898 3129 qualia
921 3055 993 3110 sunt
1016 3048 1120 3128 (aliud

111 3153 192 3216 enim
217 3163 266 3214 est
286 3171 478 3233 praenosse,
503 3149 587 3211 aliud
607 3149 743 3236 efficere)
762 3147 958 3212 manifestum
977 3151 1050 3214 hine
1072 3165 1121 3215 est

112 3278 199 3332 eum,
226 3254 281 3338 qui
305 3253 474 3336 praenovit
495 3275 546 3315 res
569 3251 708 3336 ambigui
727 3264 858 3316 eventus
876 3274 928 3316 eas
946 3275 1119 3334 praenosse

110 3373 142 3422 ut
167 3359 260 3422 tales.
305 3359 382 3422 Non
409 3355 490 3418 enim
516 3357 549 3419 id
572 3358 612 3420 sit
630 3377 803 3438 praenosse
826 3355 857 3419 id
876 3360 963 3438 quod
982 3356 1120 3440 ambigui

111 3475 241 3527 eventus
261 3472 325 3536 est,
357 3459 461 3523 dicere
480 3460 660 3524 necessario
686 3461 840 3526 futurum.
885 3460 993 3539 Quare
1017 3473 1049 3522 et
1065 3459 1121 3523 Dii
1183 3533 1188 3542 ¹

110 3589 189 3650 quae
216 3564 356 3650 ambigui
383 3577 455 3627 sunt
488 3574 855 3646 eventuspraenoseent
888 3573 922 3630 ut
948 3561 1042 3639 talia,
1082 3585 1118 3625 ae

108 3670 242 3752 proinde
267 3689 333 3736 nou
359 3668 488 3732 omnino
514 3666 626 3730 inferri
651 3667 771 3747 poterit
797 3666 965 3730 necessitas
997 3689 1038 3728 ex
1063 3665 1118 3728 tali

108 3753 328 3854 praenotione.
374 3773 418 3834 Et
444 3793 517 3834 sane
540 3770 586 3833 sie
616 3769 755 3832 audimus
778 3792 833 3833 eos
864 3771 970 3832 sutura
996 3770 1117 3851 praesi-

108 3875 271 3958 gnificare.
308 3875 390 3937 Nam
406 3875 460 3958 qni
480 3887 650 3957 postquam
677 3873 842 3936 eonsilium
868 3875 981 3936 dedere
1003 3876 1042 3936 ad
1061 3875 1115 3934 de·
1146 3953 1148 3961 Α

108 3978 232 4063 figenda
245 3990 287 4042 ,et
316 3981 436 4065 agenda
465 3999 502 4044 ca
526 3999 604 4065 quae
619 3997 726 4060 agere
753 3976 898 4059 expedit,
934 3977 1119 4060 praedicunt
1192 3982 1194 3985 ’
