2782 4790
372 365 383 390 ‘
1064 383 1121 448 aaa

119 557 210 643 niunr
227 557 335 620 rerum
366 559 503 620 felicium
533 571 584 620 aut
614 559 673 622 sibi
703 573 755 622 aut
781 561 853 624 Deo
883 575 1008 622 causam
1035 556 1123 619 attri-

117 661 234 733 buunt3
257 661 289 722 in
311 663 449 724 adversis
475 683 554 740 vero
578 663 690 724 Fatum
712 663 876 724 inclamant
898 675 928 724 et
951 661 1117 724 criminan-

117 773 181 824 tur.
203 815 204 818 ,
228 764 307 826 Sunt
328 775 492 844 praetcrea
518 761 643 846 quidam
668 767 948 850 praestigiatores,
973 765 1120 846 quicum

117 866 321 928 multitudinis
344 868 586 932 imbecillitatem
609 871 646 930 de
666 869 747 932 Fato
768 868 1057 941 animadverterint,
1091 877 1121 926 et

115 969 263 1032 iudicium
287 991 397 1032 eorum
416 992 494 1052 quae
513 971 595 1034 Fato
614 971 709 1046 fiunt,
734 971 913 1034 facilitatem
928 971 1001 1035 item
1023 969 1120 1050 ipsius

114 1073 216 1153 plebis
246 1095 286 1135 ex
319 1094 426 1135 amore
455 1074 504 1136 sui
529 1086 739 1149 contractam,
775 1087 805 1136 et
827 1096 907 1156 quae
933 1073 1045 1134 nullius
1071 1071 1118 1132 rei

115 1163 268 1238 honestae
286 1176 345 1238 sibi
371 1177 498 1238 conscia
518 1175 575 1252 sit,
610 1189 644 1238 ut
666 1179 876 1258 comprobent
902 1176 1038 1238 omnium
1069 1196 1120 1236 er-

112 1290 257 1341 ratorum
282 1281 395 1342 Fatum
421 1279 608 1360 culpandum
633 1301 719 1356 esse,
756 1301 847 1344 omne
870 1282 957 1361 quod
982 1278 1018 1338 fit
1037 1279 1118 1339 Fato

113 1381 185 1444 fieri
206 1383 423 1463 pronuntiant.
478 1384 591 1446 Artem
616 1405 743 1466 quoque
773 1382 925 1445 eiusmodi
950 1381 1116 1454 simulant,

113 1508 174 1567 qna
199 1487 391 1571 profitentur
419 1486 523 1548 onmia
545 1507 624 1568 quae
650 1508 780 1570 quoqrm
803 1489 899 1548 modo
927 1485 1034 1548 futura
1060 1483 1121 1544 sint

113 1588 267 1670 praesciri
286 1600 378 1670 atque
402 1589 541 1670 praedici
558 1611 680 1671 posse,¹
703 1611 798 1672 quum
821 1588 896 1651 nihil
919 1609 1029 1651 eorum
1052 1585 1117 1648 sine

112 1691 299 1754 necessitate
324 1693 460 1774 quadam
481 1693 536 1754 fiat
561 1696 647 1775 quod
668 1693 782 1755 Fatum
807 1702 936 1754 uocant.¹
995 1692 1038 1752 Et
1064 1691 1118 1750 ad·
1202 1727 1205 1732 -

112 1793 199 1858 scitis
239 1794 333 1858 sociis
369 1805 401 1856 et
443 1795 655 1871 adiutoribus,
707 1795 761 1876 qui
785 1795 877 1856 etiam
904 1791 1002 1875 ipsius
1039 1792 1115 1854 artis

111 1885 258 1960 auctores
281 1909 378 1976 sunt,
414 1901 565 1961 seducunt
597 1921 634 1961 ac
661 1899 818 1980 decipiunt
850 1897 992 1960 homines
1022 1917 1115 1978 quam

110 2000 285 2082 plurimos,
309 2001 340 2064 in
364 2001 602 2064 circumstantiis
625 2013 656 2063 et
678 2001 902 2063 calamitatibus
927 2001 1014 2081 ipsos
1040 2003 1118 2062 ado-

111 2105 249 2179 rientes,
288 2103 343 2186 qui
377 2107 608 2186 propemodum
643 2116 833 2185 precantur,
882 2114 918 2164 ut
948 2103 980 2164 id
1008 2102 1050 2163 ita
1085 2121 1119 2162 se

112 2208 230 2268 habere
259 2219 421 2288 appareat.
467 2207 562 2287 Quod
591 2207 814 2270 consuetudine
848 2208 980 2289 quadam
1004 2217 1034 2266 et
1058 2225 1116 2266 usu

113 2309 197 2372 circa
231 2305 298 2372 res¹
317 2309 495 2384 eiusmodi,
534 2321 564 2372 et
590 2311 758 2374 collatione
788 2307 1114 2390 contemplationeque

113 2412 346 2476 consecutionis
364 2413 397 2474 in
411 2412 524 2474 talibus
546 2413 641 2476 rebus
652 2413 783 2476 faciunt.
828 2413 1020 2479 Praedicunt
1035 2411 1115 2472 enim

113 2517 266 2600 quaedam
287 2517 452 2579 commode
478 2528 510 2577 et
537 2515 700 2600 ingeniose
728 2537 855 2592 eorum,
895 2536 974 2598 quae
1005 2534 1117 2578 conse·
1211 2523 1212 2528 ’

111 2630 244 2700 quenter
264 2618 301 2680 iis
322 2618 376 2701 qui
392 2618 435 2681 ita
452 2621 588 2695 habent,
612 2619 719 2682 futura
739 2632 827 2694 sunt,
850 2618 944 2701 idque
967 2629 1113 2700 tanquam

113 2743 153 2783 ex
174 2734 243 2784 arte
273 2721 357 2784 circa
383 2723 496 2784 Fatum
517 2723 559 2784 ita
582 2744 649 2784 esse
669 2719 886 2803 pronuntiant.
931 2723 974 2786 Et
998 2741 1117 2782 merce-

113 2827 167 2886 des
192 2847 258 2888 non
286 2846 401 2906 paucas
427 2809 488 2906 pro
513 2825 568 2887 tali
590 2847 742 2906 peruersa
775 2839 841 2888 arte
873 2824 1044 2907 colligunt:
1080 2823 1118 2884 li-

109 2929 222 2990 benter
244 2928 325 2989 enim
344 2931 427 3004 dant,
452 2927 506 3010 qui
523 2929 737 3008 experiuntur,
758 2940 903 3010 tanquam
920 2926 1114 2989 adiutoribus

111 3051 149 3091 ac
178 3030 398 3094 defensoribus
435 3031 642 3113 propriorum
672 3051 830 3094 errorum.
899 3030 1020 3110 Quibus
1054 3029 1118 3090 suis
1157 3021 1159 3028 i

110 3132 204 3216 nugis
227 3135 344 3197 honam
361 3134 522 3198 hominum
544 3147 666 3216 partem
688 3137 888 3216 deceperunt,
915 3133 968 3216 qui
982 3145 1116 3214 propter

111 3235 291 3298 socordiam
331 3258 483 3318 quaerere
525 3236 794 3320 praetermittunt,
848 3257 985 3318 quonam
1023 3237 1119 3298 modo

50 3331 53 3340 ⁴
109 3340 189 3400 haec
206 3339 361 3414 habeant,
390 3352 421 3402 et
446 3340 514 3422 quis
535 3345 615 3406 ordo
637 3342 708 3404 Fati
724 3341 756 3403 in
779 3341 922 3414 entibus,
959 3350 993 3400 ut
1013 3337 1115 3400 omnia

111 3444 281 3504 secundum
297 3443 410 3504 Fatum
427 3443 497 3506 fieri
519 3444 672 3507 dicantur.
718 3445 841 3506 Verum
868 3464 963 3526 quum
989 3463 1053 3504 non
1072 3438 1120 3502 illi

110 3546 258 3628 quidem,
283 3547 337 3628 qui
354 3569 554 3630 summopere
573 3549 686 3610 Fatum
702 3547 870 3622 invocant,
894 3546 926 3607 in
941 3543 1116 3607 actionibus

109 3650 193 3712 vitae
223 3636 327 3712 omnia
353 3650 414 3731 ipsi
442 3653 524 3714 Fato
558 3655 688 3713 credere
726 3650 872 3713 videntur
915 3647 1008 3728 (satis
1035 3646 1116 3722 enim

111 3751 248 3815 ostendit
270 3752 386 3815 veritas
410 3775 465 3816 eos
489 3753 543 3836 qui
561 3754 640 3823 falsa
661 3755 814 3830 credunt,
838 3753 899 3816 sibi
919 3741 1127 3834 repugnare)¹

112 3877 172 3918 nos
197 3854 302 3939 igitur·
325 3855 416 3918 altius
436 3860 530 3920 ducto
553 3857 686 3920 exordio
708 3856 814 3920 videre
836 3879 895 3939 par
912 3866 980 3928 est,
1023 3872 1119 3934 quae·
1196 3893 1198 3902 a

109 3980 179 4020 nam
205 3958 245 4022 sit
268 3969 379 4021 natura
405 3960 493 4036 Fati,
533 3972 564 4024 et
590 3960 623 4038 in
651 3960 763 4044 quibus
797 3972 828 4022 et
853 3981 946 4042 quam
978 3953 1118 4018 diu·vim
