2828 4792
271 427 314 492 80

270 619 312 662 το
297 591 361 662 δὲ
376 591 586 714 ἐνδεχομένως
606 581 741 676 γεγονὸς
757 584 793 654 ἔν
811 609 895 666 τινι,
917 589 973 654 καί
991 582 1038 676 μὴ
1054 585 1223 714 γεγονέναι
1246 581 1282 650 ίν

271 694 362 822 ἀντῷ
376 691 482 765 ὁῐόντι
499 681 550 776 ἦν.
584 689 682 760 Ἔστι
694 697 755 778 μὲν
771 686 836 781 γὰρ
851 692 991 758 ἕκαστον
1009 693 1066 758 καὶ
1083 683 1227 768 τούτων,
1247 687 1284 752 ίν

271 789 298 894 ᾧ
319 797 358 868 δν
379 793 547 887 τυγχάνει,
569 790 656 864 διότι
677 780 720 876 ἦν
740 786 946 920 ἐνδεχόμενον
966 795 1000 862 ἐν
1021 786 1195 883 θατέρῳ’
1175 788 1284 858 αντῶν

270 899 379 972 καὶτὸ
393 899 612 989 ἀντικείμενον
626 899 726 966 ίῖναι·
749 898 782 964 ἐν
796 887 898 988 ᾦδ”
879 919 950 964 οστι
962 899 1038 976 νῦν,
1061 891 1120 964 οὐκ
1135 894 1168 976 ἐξ
1180 887 1284 1016 ἀνάγ·

271 1031 329 1089 κης
344 1000 455 1082 ἀντλῶς
470 1005 557 1070 ἐστιν
572 995 742 1092 ἐντούτῳ,
764 965 869 1066 διά
834 1023 894 1081 την
912 995 996 1092 πρὸς
1018 996 1061 1065 τά
1080 995 1286 1114 ἀντικιιμινα

271 1106 411 1232 δύναμιν
423 1157 432 1189 ,
467 1100 554 1174 ἀλλά
574 1100 639 1194 μὴν
661 1099 706 1170 τά
726 1097 830 1180 ὁὺτιις
852 1099 934 1171 ὄντα
962 1101 996 1170 ἔν
1021 1124 1125 1183 τισιν,
1169 1096 1207 1168 οὐ
1229 1086 1288 1168 διά

271 1208 382 1290 ἀιτίας
399 1205 492 1288 τινάς
505 1189 879 1302 ιιροκαταβιβλημίνας,
908 1200 1100 1292 ἐξάνάγκης
1114 1207 1160 1282 ἐις
1178 1205 1287 1271 ταῦτα

272 1309 438 1403 ἀγούσας,
460 1314 495 1379 ἐν
508 1307 623 1387 ἀυτοῐς
637 1311 726 1376 ἐστιν
736 1310 798 1388 ¹⁵),
820 1300 888 1376 ιίοτ
883 1303 940 1375 ’ἐι
958 1303 1071 1378 πάντα
1085 1303 1205 1396 ὁμοίιος
1217 1311 1289 1384 τοῖς

272 1414 543 1542 ἀντικειμένοις,
546 1403 591 1480 ὧν
605 1407 737 1480 δεκτικά
758 1406 820 1492 ¹⁶)
834 1412 1066 1498 ἐνδεχομένως
1087 1435 1121 1478 τι
1144 1411 1233 1478 ἐστιν
1254 1411 1289 1476 ἐν

273 1516 324 1600 ὀῐς
339 1543 426 1601 εστι,
448 1522 504 1586 καὶ
527 1510 588 1582 ἀοκ
608 1513 697 1582 ἔστιν
713 1515 746 1580 ἐν
761 1501 822 1592 ὁῖς
830 1508 890 1580 οὐκ
904 1537 975 1580 εστι
982 1562 991 1593 ,
1012 1513 1115 1604 μυρία
1130 1510 1172 1580 ἀν
1185 1513 1234 1593 ἐίη
1247 1508 1292 1580 τά

273 1615 523 1711 ἐνδιγομιίνος”
502 1621 584 1688 οντα
606 1642 641 1684 τι
653 1621 712 1684 και
725 1606 892 1703 γινόμενοι
926 1611 1129 1684 ἩΑτοαον
1089 1641 1155 1708 γαρ
1168 1609 1290 1702 ὁμοίας

274 1725 307 1807 ἐξ
321 1719 466 1810 ἀνάγκης
480 1725 564 1792 ἐῖναι
584 1723 687 1806 λέγειν
709 1719 743 1788 ἔν
757 1742 823 1788 τινι
839 1712 885 1785 τά
897 1743 932 1786 τι
945 1724 1003 1786 καὶ
1016 1714 1207 1786 ἀνιπίδιιιτα
1224 1719 1290 1787 τῶν

274 1827 427 1898 ἐναντίων
441 1815 573 1903 τούτοις
587 1825 621 1894 ἐν
636 1818 792 1902 ὁῐςίοτι,
821 1825 878 1890 καὶ
891 1818 935 1887 τά
946 1824 1050 1910 μηδὲν
1063 1823 1191 1910 μᾶλλον
1205 1817 1288 1890 καθ’

275 1925 426 2003 ὁντινοῦν
436 1923 558 2020 χρόνον
572 1921 697 1994 τούτων
705 1975 714 2006 ,
735 1921 758 2006 ἢ
772 1925 837 1994 τιῖιν
851 1924 1004 1994 ἐναντίων
1018 1921 1133 2004 ἀυτοῑς
1148 1920 1291 1996 δεκτικά.

269 2027 459 2124 Ἕιγὰριὰ
476 2024 668 2116 ἐξάνάγκης
683 2024 767 2096 ὅντα
787 2029 832 2108 ¹⁷)
852 2026 887 2096 ίν
905 2051 987 2108 τινι,
1019 2022 1210 2098 ἀνιπίδικτα
1231 2029 1293 2098 τοῦ

276 2136 425 2204 ἐναντίου
446 2129 554 2225 ἀντῷ,
589 2129 632 2200 τά
657 2127 844 2200 ἐπιδεκτικὰ
870 2133 931 2200 τοῦ
959 2132 1152 2214 ἐναντίον,Ι
1176 2127 1295 2213 οάκίξ

277 2233 422 2325 ἀνάγκης
443 2232 484 2305 ἀν
506 2239 539 2305 ἐν
560 2225 587 2328 ᾧ
609 2237 715 2315 ἐστιν,
737 2234 795 2315 ίίη.

771 2650 801 2715 Ι.
978 2719 983 2724 ,
1284 2702 1288 2712 ,

346 2749 393 2822 Τὸ
413 2754 449 2820 δὲ
471 2754 575 2838 λέγειν
597 2753 624 2834 ²)
645 2745 692 2838 μὴ
716 2744 937 2840 ἀναιρεῖσθαι
961 2742 1095 2818 κάονται
1115 2750 1295 2838 γινομίκοα

277 2853 360 2926 καθ’
378 2858 573 2982 ίιμαρμιίνην
588 2851 627 2921 τὸ
645 2849 787 2922 δυνατόν
803 2877 839 2920 τι
860 2857 916 2920 καί
931 2847 1154 2941 ἐνδτγόμινον,
1177 2853 1223 2944 τῷ
1235 2855 1295 2922 δν·

270 2956 379 3028 -νατὸν
395 2987 419 3046 μ
421 2966 455 3026 ὲν
473 2960 557 3026 ἐῐναι
570 2960 733 3045 γενέσθαι
746 2957 862 3036 τοῦτο,
886 2950 967 3024 δὺιι
962 2951 1122 3035 οάδινὸς
1136 2952 1297 3026 κωλύεται

277 3056 529 3151 γινέσθαι,οίν
488 3057 651 3147 αν”)μη
666 3063 817 3147 γένηται,
849 3059 970 3128 τῶνδὲ
955 3056 1075 3128 ὲκαθ
1099 3062 1298 3169 ίιμαρμὲνην

278 3168 457 3254 γενομέναν
476 3159 516 3232 οά
539 3157 719 3230 κεκώλυται
735 3157 779 3228 τά
801 3156 1006 3250 ἀντικείμενα
1026 3166 1227 3250 γονέοθαι,.
1242 3147 1297 3234 δαί

279 3269 335 3336 καί
353 3293 405 3336 τοι
426 3263 472 3356 μὴ
494 3261 671 3354 γινόμενα,
693 3256 782 3384 ὅμως
802 3263 873 3332 ἔστι
886 3262 1015 3338 δυνατά
1031 3271 1087 3334 και
1103 3290 1161 3334 τον
1179 3261 1226 3352 μι)
1245 3290 1298 3336 κο*
1359 3293 1362 3303 ’

278 3366 457 3443 καλάοθαι
467 3363 663 3455 γενέσθαι
643 3363 740 3448 αυτά,
756 3361 922 3450 ἀπόδειξιν
933 3371 1087 3462 φεριι
1042 3367 1070 3450 3
1109 3364 1149 3436 τὸ
1159 3363 1243 3454 ἡμιν
1253 3365 1300 3436 τά

280 3467 488 3545 κωλύοντα
467 3468 557 3540 αοτά
575 3467 730 3558 άγνιιστα
748 3472 847 3554 ἐιναι,
883 3465 1013 3548 πάντας
1032 3474 1092 3559 μέν
1106 3493 1183 3540 τινα
1197 3467 1299 3553 ὅντα,

280 3572 304 3645 ἀί
321 3571 386 3666 γάρ
409 3577 498 3642 ἐστιν
519 3569 613 3642 ἀίτια
633 3597 691 3642 τοο
676 3576 871 3662 γενέσθαι
891 3570 934 3642 τά
954 3569 1159 3662 ἀντικείμενα
1181 3569 1299 3654 ἀοτοις

281 3673 403 3746 καθ’
388 3680 601 3804 ιιμαρμὲνην,
632 3679 740 3748 ταῦτα
760 3677 894 3750 καὶτοῦ
913 3673 959 3766 μὴ
981 3680 1144 3764 γενέσθαι
1165 3672 1300 3756 τούτοις

281 3776 391 3860 ἀίτια,
411 3780 498 3866 ἐίγι,
520 3775 563 3860 ὡς
578 3787 699 3874 φασιν,
727 3776 891 3850 ἀδύνατον
910 3780 975 3848 τῶν
997 3776 1107 3856 ἀυτῶν
1124 3774 1300 3872 νεοκατά-

281 3907 347 3952 τιιν
370 3883 529 3970 γίνεσθαι
553 3881 598 3952 τά
622 3882 826 3972 ἀντικείμενα
833 3933 842 3964 ,
888 3877 958 3952 ἀλλ>
983 3875 1036 3952 ὅτι
1059 3880 1105 3970 μὴ
1125 3879 1205 3972 ἡμῖν
1226 3884 1299 3956 ἐοτι

283 3980 432 4076 γνώριμά
446 4011 538 4069 τινα,
561 3979 584 4056 ά
603 3989 673 4058 ίοτι
686 3981 733 4072 4),
755 3983 812 4058 διά
824 3987 925 4058 τοῦτο
943 3980 1113 4058 ἀκώλυτον
1133 3983 1242 4058 ἀντῶν
1259 3983 1299 4054 τὸ
