<?xml version="1.0" encoding="UTF-8"?>
<!DOCTYPE html PUBLIC "-//W3C//DTD XHTML 1.0 Transitional//EN"
    "http://www.w3.org/TR/xhtml1/DTD/xhtml1-transitional.dtd">
<html xmlns="http://www.w3.org/1999/xhtml" xml:lang="en" lang="en">
 <head>
  <title>
</title>
<meta http-equiv="Content-Type" content="text/html;charset=utf-8" />
  <meta name='ocr-system' content='tesseract 3.04.00' />
  <meta name='ocr-capabilities' content='ocr_page ocr_carea ocr_par ocr_line ocrx_word'/>
</head>
<body>
  <div class='ocr_page' id='page_1' title='image "./alexandriaphrod01bardgoog_0207.png"; bbox 0 0 2758 4790; ppageno 0'>
   <div class='ocr_carea' id='block_1_1' title="bbox 262 403 322 469">
    <p class='ocr_par' dir='ltr' id='par_1_1' title="bbox 262 403 322 469">
     <span class='ocr_line' id='line_1_1' title="bbox 262 403 322 469; baseline -0.05 0"><span class='ocrx_word' id='word_1_1' title='bbox 262 403 322 469; x_wconf 69' lang='lat'><strong><em>192</em></strong></span> 
     </span>
    </p>
   </div>
   <div class='ocr_carea' id='block_1_2' title="bbox 194 561 1348 3575">
    <p class='ocr_par' dir='ltr' id='par_1_2' title="bbox 194 561 1348 3546">
     <span class='ocr_line' id='line_1_2' title="bbox 259 561 1261 660; baseline -0.004 -20"><span class='ocrx_word' id='word_1_2' title='bbox 259 569 391 653; x_wconf 84' lang='grc' dir='ltr'><strong><em>ἰόντων,</em></strong></span> <span class='ocrx_word' id='word_1_3' title='bbox 414 565 483 638; x_wconf 87' lang='grc' dir='ltr'><strong><em>άίτε</em></strong></span> <span class='ocrx_word' id='word_1_4' title='bbox 500 565 583 660; x_wconf 85' lang='grc' dir='ltr'><strong><em>πρὸς</em></strong></span> <span class='ocrx_word' id='word_1_5' title='bbox 600 563 660 646; x_wconf 85' lang='grc' dir='ltr'><strong><em>τάς</em></strong></span> <span class='ocrx_word' id='word_1_6' title='bbox 682 562 814 656; x_wconf 81' lang='grc' dir='ltr'><em>κράσεις</em></span> <span class='ocrx_word' id='word_1_7' title='bbox 834 566 898 636; x_wconf 86' lang='grc' dir='ltr'><strong><em>τών</em></strong></span> <span class='ocrx_word' id='word_1_8' title='bbox 919 561 1078 656; x_wconf 90' lang='grc' dir='ltr'><strong><em>σωμάτων</em></strong></span> <span class='ocrx_word' id='word_1_9' title='bbox 1099 571 1155 636; x_wconf 88' lang='grc' dir='ltr'><strong><em>και</em></strong></span> <span class='ocrx_word' id='word_1_10' title='bbox 1176 565 1261 660; x_wconf 88' lang='grc' dir='ltr'><strong><em>πρὸς</em></strong></span> 
     </span>
     <span class='ocr_line' id='line_1_3' title="bbox 256 665 1260 764; baseline -0.005 -21"><span class='ocrx_word' id='word_1_11' title='bbox 256 673 317 754; x_wconf 88' lang='grc' dir='ltr'><strong><em>τάς</em></strong></span> <span class='ocrx_word' id='word_1_12' title='bbox 349 673 533 759; x_wconf 79' lang='grc' dir='ltr'><strong><em>ἐπιθυμίας</em></strong></span> <span class='ocrx_word' id='word_1_13' title='bbox 563 665 766 750; x_wconf 75' lang='grc' dir='ltr'><strong><em>ἐναντιώσεις</em></strong></span> <span class='ocrx_word' id='word_1_14' title='bbox 797 675 854 737; x_wconf 82' lang='grc' dir='ltr'><strong><em>καὶ</em></strong></span> <span class='ocrx_word' id='word_1_15' title='bbox 888 670 1041 737; x_wconf 75' lang='grc' dir='ltr'><strong><em>ἐνταῦθα</em></strong></span> <span class='ocrx_word' id='word_1_16' title='bbox 1074 667 1260 764; x_wconf 79' lang='grc' dir='ltr'><strong><em>πρεπόντως</em></strong></span> 
     </span>
     <span class='ocr_line' id='line_1_4' title="bbox 257 761 1262 865; baseline -0.002 -21"><span class='ocrx_word' id='word_1_17' title='bbox 257 781 403 864; x_wconf 78' lang='grc' dir='ltr'><strong><em>λέγοιντο</em></strong></span> <span class='ocrx_word' id='word_1_18' title='bbox 435 772 485 841; x_wconf 77' lang='grc' dir='ltr'><strong><em>ἄν.</em></strong></span> <span class='ocrx_word' id='word_1_19' title='bbox 534 767 586 839; x_wconf 87' lang='grc' dir='ltr'><strong><em>Ἒι</em></strong></span> <span class='ocrx_word' id='word_1_20' title='bbox 614 761 690 845; x_wconf 76' lang='lat'><strong><em>6‘&#39;</em></strong></span> <span class='ocrx_word' id='word_1_21' title='bbox 670 797 722 839; x_wconf 92' lang='grc' dir='ltr'><strong><em>οτι</em></strong></span> <span class='ocrx_word' id='word_1_22' title='bbox 754 775 800 851; x_wconf 84' lang='grc' dir='ltr'><strong><em>ἕις</em></strong></span> <span class='ocrx_word' id='word_1_23' title='bbox 829 769 889 854; x_wconf 81' lang='grc' dir='ltr'><strong><em>τὴν</em></strong></span> <span class='ocrx_word' id='word_1_24' title='bbox 914 776 979 841; x_wconf 85' lang='grc' dir='ltr'><strong><em>τών</em></strong></span> <span class='ocrx_word' id='word_1_25' title='bbox 999 771 1129 865; x_wconf 85' lang='grc' dir='ltr'><strong><em>άστρων</em></strong></span> <span class='ocrx_word' id='word_1_26' title='bbox 1152 778 1262 862; x_wconf 81' lang='grc' dir='ltr'><strong><em>σχέσιν</em></strong></span> 
     </span>
     <span class='ocr_line' id='line_1_5' title="bbox 257 871 1268 972; baseline -0.002 -25"><span class='ocrx_word' id='word_1_27' title='bbox 257 876 394 972; x_wconf 79' lang='grc' dir='ltr'><strong><em>ὁρῶντες</em></strong></span> <span class='ocrx_word' id='word_1_28' title='bbox 410 881 482 967; x_wconf 89' lang='grc' dir='ltr'><strong><em>περὶ</em></strong></span> <span class='ocrx_word' id='word_1_29' title='bbox 496 871 641 944; x_wconf 77' lang='grc' dir='ltr'><strong><em>ἑκάστων</em></strong></span> <span class='ocrx_word' id='word_1_30' title='bbox 658 873 839 962; x_wconf 83' lang='grc' dir='ltr'><strong><em>λέγουσι</em></strong></span> <span class='ocrx_word' id='word_1_31' title='bbox 803 901 847 942; x_wconf 88' lang='grc' dir='ltr'><strong><em>τα</em></strong></span> <span class='ocrx_word' id='word_1_32' title='bbox 857 872 1032 964; x_wconf 79' lang='grc' dir='ltr'><strong><em>γιγνόμενα</em></strong></span> <span class='ocrx_word' id='word_1_33' title='bbox 1044 873 1119 968; x_wconf 77' lang='grc' dir='ltr'><strong><em>παρ’</em></strong></span> <span class='ocrx_word' id='word_1_34' title='bbox 1137 879 1268 945; x_wconf 82' lang='grc' dir='ltr'><strong><em>ἐκείνων</em></strong></span> 
     </span>
     <span class='ocr_line' id='line_1_6' title="bbox 256 975 1264 1071; baseline -0.004 -21"><span class='ocrx_word' id='word_1_35' title='bbox 256 986 434 1052; x_wconf 80' lang='grc' dir='ltr'><strong><em>ποιεῖσθαι</em></strong></span> <span class='ocrx_word' id='word_1_36' title='bbox 451 981 698 1071; x_wconf 81' lang='grc' dir='ltr'><strong><em>τεκμαίρονται,</em></strong></span> <span class='ocrx_word' id='word_1_37' title='bbox 721 975 841 1067; x_wconf 84' lang='grc' dir='ltr'><strong><em>ὁμοίως</em></strong></span> <span class='ocrx_word' id='word_1_38' title='bbox 861 975 903 1047; x_wconf 76' lang='grc' dir='ltr'><strong><em>ἂν</em></strong></span> <span class='ocrx_word' id='word_1_39' title='bbox 921 985 977 1046; x_wconf 87' lang='grc' dir='ltr'><strong><em>καὶ</em></strong></span> <span class='ocrx_word' id='word_1_40' title='bbox 993 983 1025 1046; x_wconf 89' lang='grc' dir='ltr'><strong><em>οἱ</em></strong></span> <span class='ocrx_word' id='word_1_41' title='bbox 1043 977 1147 1071; x_wconf 84' lang='grc' dir='ltr'><strong><em>ὄρνεις</em></strong></span> <span class='ocrx_word' id='word_1_42' title='bbox 1167 1005 1264 1062; x_wconf 69' lang='grc' dir='ltr'><strong><em>ποιη·</em></strong></span> 
     </span>
     <span class='ocr_line' id='line_1_7' title="bbox 256 1074 1272 1176; baseline 0 -24"><span class='ocrx_word' id='word_1_43' title='bbox 256 1091 342 1153; x_wconf 84' lang='grc' dir='ltr'><strong><em>τικοὶ</em></strong></span> <span class='ocrx_word' id='word_1_44' title='bbox 360 1074 403 1152; x_wconf 88' lang='grc' dir='ltr'><strong><em>ών</em></strong></span> <span class='ocrx_word' id='word_1_45' title='bbox 420 1084 636 1172; x_wconf 83' lang='grc' dir='ltr'><strong><em>σημαίνουσιν</em></strong></span> <span class='ocrx_word' id='word_1_46' title='bbox 656 1081 733 1176; x_wconf 78' lang='grc' dir='ltr'><strong><em>ίῖεν,</em></strong></span> <span class='ocrx_word' id='word_1_47' title='bbox 766 1088 822 1149; x_wconf 84' lang='grc' dir='ltr'><strong><em>καί</em></strong></span> <span class='ocrx_word' id='word_1_48' title='bbox 840 1078 949 1151; x_wconf 90' lang='grc' dir='ltr'><strong><em>πάντα</em></strong></span> <span class='ocrx_word' id='word_1_49' title='bbox 969 1085 1015 1162; x_wconf 82' lang='grc' dir='ltr'><strong><em>εἰς</em></strong></span> <span class='ocrx_word' id='word_1_50' title='bbox 1038 1078 1061 1149; x_wconf 83' lang='lat'><strong><em>6</em></strong></span> <span class='ocrx_word' id='word_1_51' title='bbox 1085 1086 1272 1170; x_wconf 79' lang='grc' dir='ltr'><strong><em>βλέπουσιν</em></strong></span> 
     </span>
     <span class='ocr_line' id='line_1_8' title="bbox 257 1181 1265 1278; baseline -0.004 -22"><span class='ocrx_word' id='word_1_52' title='bbox 257 1192 289 1256; x_wconf 85' lang='grc' dir='ltr'><strong><em>οἱ</em></strong></span> <span class='ocrx_word' id='word_1_53' title='bbox 311 1182 443 1277; x_wconf 88' lang='grc' dir='ltr'><strong><em>μάντεις</em></strong></span> <span class='ocrx_word' id='word_1_54' title='bbox 465 1189 691 1278; x_wconf 82' lang='grc' dir='ltr'><strong><em>προλέγουσιν.</em></strong></span> <span class='ocrx_word' id='word_1_55' title='bbox 725 1181 801 1252; x_wconf 87' lang='grc' dir='ltr'><strong><em>Ἔτί</em></strong></span> <span class='ocrx_word' id='word_1_56' title='bbox 825 1189 936 1253; x_wconf 82' lang='grc' dir='ltr'><strong><em>δὲκαὶ</em></strong></span> <span class='ocrx_word' id='word_1_57' title='bbox 958 1187 992 1252; x_wconf 84' lang='grc' dir='ltr'><strong><em>ἐκ</em></strong></span> <span class='ocrx_word' id='word_1_58' title='bbox 1012 1185 1109 1254; x_wconf 87' lang='grc' dir='ltr'><strong><em>τώνδε</em></strong></span> <span class='ocrx_word' id='word_1_59' title='bbox 1130 1181 1265 1277; x_wconf 75' lang='grc' dir='ltr'><strong><em>ἀκριβέ-</em></strong></span> 
     </span>
     <span class='ocr_line' id='line_1_9' title="bbox 257 1281 1267 1418; baseline -0.004 -58"><span class='ocrx_word' id='word_1_60' title='bbox 257 1314 372 1383; x_wconf 84' lang='grc' dir='ltr'><strong><em>στερον</em></strong></span> <span class='ocrx_word' id='word_1_61' title='bbox 396 1288 438 1358; x_wconf 79' lang='grc' dir='ltr'><strong><em>ἄν</em></strong></span> <span class='ocrx_word' id='word_1_62' title='bbox 464 1314 515 1368; x_wconf 85' lang='grc' dir='ltr'><strong><em>τις</em></strong></span> <span class='ocrx_word' id='word_1_63' title='bbox 538 1291 756 1383; x_wconf 77' lang='grc' dir='ltr'><strong><em>ἐπισκέψαιτο</em></strong></span> <span class='ocrx_word' id='word_1_64' title='bbox 780 1293 859 1380; x_wconf 83' lang='grc' dir='ltr'><strong><em>περὶ.</em></strong></span> <span class='ocrx_word' id='word_1_65' title='bbox 878 1285 1014 1418; x_wconf 74' lang='grc' dir='ltr'><strong><em>τρίτων.</em></strong></span> <span class='ocrx_word' id='word_1_66' title='bbox 1060 1281 1109 1356; x_wconf 77' lang='lat' dir='ltr'><strong><em>“A</em></strong></span> <span class='ocrx_word' id='word_1_67' title='bbox 1138 1285 1267 1398; x_wconf 70' lang='grc' dir='ltr'><strong><em>τιςῖάν</em></strong></span> 
     </span>
     <span class='ocr_line' id='line_1_10' title="bbox 257 1385 1268 1514; baseline -0.005 -52"><span class='ocrx_word' id='word_1_68' title='bbox 257 1392 371 1462; x_wconf 75' lang='grc' dir='ltr'><strong><em>ἰδών</em></strong></span> <span class='ocrx_word' id='word_1_69' title='bbox 355 1419 402 1473; x_wconf 87' lang='grc' dir='ltr'><strong><em>εις</em></strong></span> <span class='ocrx_word' id='word_1_70' title='bbox 424 1390 483 1476; x_wconf 78' lang='grc' dir='ltr'><strong><em>τὴν</em></strong></span> <span class='ocrx_word' id='word_1_71' title='bbox 507 1393 572 1459; x_wconf 88' lang='grc' dir='ltr'><strong><em>τών</em></strong></span> <span class='ocrx_word' id='word_1_72' title='bbox 595 1388 725 1510; x_wconf 82' lang='grc' dir='ltr'><strong><em>άστρων</em></strong></span> <span class='ocrx_word' id='word_1_73' title='bbox 751 1396 861 1480; x_wconf 86' lang='grc' dir='ltr'><strong><em>σχέσιν</em></strong></span> <span class='ocrx_word' id='word_1_74' title='bbox 885 1386 926 1474; x_wconf 72' lang='grc' dir='ltr'><strong><em>ἢν</em></strong></span> <span class='ocrx_word' id='word_1_75' title='bbox 950 1394 1036 1482; x_wconf 83' lang='grc' dir='ltr'><strong><em>έῖχσν</em></strong></span> <span class='ocrx_word' id='word_1_76' title='bbox 1056 1385 1109 1460; x_wconf 81' lang='grc' dir='ltr'><strong><em>ὅτε</em></strong></span> <span class='ocrx_word' id='word_1_77' title='bbox 1127 1389 1268 1514; x_wconf 82' lang='grc' dir='ltr'><strong><em>έκριστος</em></strong></span> 
     </span>
     <span class='ocr_line' id='line_1_11' title="bbox 256 1491 1269 1616; baseline -0.003 -52"><span class='ocrx_word' id='word_1_78' title='bbox 256 1499 393 1585; x_wconf 77' lang='grc' dir='ltr'><strong><em>ἐγένετο,</em></strong></span> <span class='ocrx_word' id='word_1_79' title='bbox 420 1495 587 1614; x_wconf 84' lang='grc' dir='ltr'><strong><em>προείποι,</em></strong></span> <span class='ocrx_word' id='word_1_80' title='bbox 618 1497 724 1562; x_wconf 79' lang='grc' dir='ltr'><strong><em>ταῦτα</em></strong></span> <span class='ocrx_word' id='word_1_81' title='bbox 742 1501 826 1588; x_wconf 76' lang='grc' dir='ltr'><strong><em>φασὶ</em></strong></span> <span class='ocrx_word' id='word_1_82' title='bbox 844 1501 900 1563; x_wconf 91' lang='grc' dir='ltr'><strong><em>και</em></strong></span> <span class='ocrx_word' id='word_1_83' title='bbox 921 1497 1079 1583; x_wconf 80' lang='grc' dir='ltr'><strong><em>γίνεσθαι</em></strong></span> <span class='ocrx_word' id='word_1_84' title='bbox 1100 1519 1168 1616; x_wconf 81' lang='grc' dir='ltr'><strong><em>παρ</em></strong></span> <span class='ocrx_word' id='word_1_85' title='bbox 1204 1491 1269 1562; x_wconf 78' lang='grc' dir='ltr'><strong><em>ἆυ·</em></strong></span> 
     </span>
     <span class='ocr_line' id='line_1_12' title="bbox 255 1590 1348 1724; baseline -0.004 -56"><span class='ocrx_word' id='word_1_86' title='bbox 255 1603 334 1724; x_wconf 86' lang='grc' dir='ltr'><strong><em>τώγ,</em></strong></span> <span class='ocrx_word' id='word_1_87' title='bbox 355 1595 394 1667; x_wconf 88' lang='lat'><strong><em>06</em></strong></span> <span class='ocrx_word' id='word_1_88' title='bbox 407 1621 631 1685; x_wconf 86' lang='grc' dir='ltr'><strong><em>σιμαινσντων</em></strong></span> <span class='ocrx_word' id='word_1_89' title='bbox 640 1621 751 1686; x_wconf 88' lang='grc' dir='ltr'><strong><em>μονον,</em></strong></span> <span class='ocrx_word' id='word_1_90' title='bbox 774 1593 860 1664; x_wconf 80' lang='grc' dir='ltr'><strong><em>ἄλλά</em></strong></span> <span class='ocrx_word' id='word_1_91' title='bbox 874 1594 1131 1666; x_wconf 82' lang='grc' dir='ltr'><strong><em>καίπσιοόντων.</em></strong></span> <span class='ocrx_word' id='word_1_92' title='bbox 1151 1590 1267 1665; x_wconf 78' lang='grc' dir='ltr'><strong><em>Ὅταν</em></strong></span> <span class='ocrx_word' id='word_1_93' title='bbox 1345 1685 1348 1690; x_wconf 27' lang='grc' dir='ltr'>Ι</span> 
     </span>
     <span class='ocr_line' id='line_1_13' title="bbox 256 1697 1277 1824; baseline -0.002 -54"><span class='ocrx_word' id='word_1_94' title='bbox 256 1703 366 1770; x_wconf 84' lang='grc' dir='ltr'><strong><em>τοίνυν</em></strong></span> <span class='ocrx_word' id='word_1_95' title='bbox 386 1706 460 1794; x_wconf 84' lang='grc' dir='ltr'><strong><em>περὶ</em></strong></span> <span class='ocrx_word' id='word_1_96' title='bbox 481 1702 640 1824; x_wconf 80' lang='grc' dir='ltr'><strong><em>ἕνχενείας</em></strong></span> <span class='ocrx_word' id='word_1_97' title='bbox 660 1705 812 1788; x_wconf 75' lang='grc' dir='ltr'><strong><em>λέγωσιν,</em></strong></span> <span class='ocrx_word' id='word_1_98' title='bbox 845 1698 888 1781; x_wconf 88' lang='grc' dir='ltr'><strong><em>ώς</em></strong></span> <span class='ocrx_word' id='word_1_99' title='bbox 909 1702 942 1784; x_wconf 83' lang='grc' dir='ltr'><strong><em>εξ</em></strong></span> <span class='ocrx_word' id='word_1_100' title='bbox 963 1697 1098 1784; x_wconf 76' lang='grc' dir='ltr'><strong><em>ἐνδόξων</em></strong></span> <span class='ocrx_word' id='word_1_101' title='bbox 1116 1702 1180 1768; x_wconf 78' lang='grc' dir='ltr'><strong><em>τῶν</em></strong></span> <span class='ocrx_word' id='word_1_102' title='bbox 1200 1727 1268 1768; x_wconf 90' lang='grc' dir='ltr'><strong><em>πα-</em></strong></span> <span class='ocrx_word' id='word_1_103' title='bbox 1273 1713 1277 1746; x_wconf 83' lang='lat'>²</span> 
     </span>
     <span class='ocr_line' id='line_1_14' title="bbox 257 1804 1268 1898; baseline -0.001 -26"><span class='ocrx_word' id='word_1_104' title='bbox 257 1809 358 1898; x_wconf 88' lang='grc' dir='ltr'><strong><em>τέρων</em></strong></span> <span class='ocrx_word' id='word_1_105' title='bbox 377 1810 433 1872; x_wconf 83' lang='grc' dir='ltr'><strong><em>καὶ</em></strong></span> <span class='ocrx_word' id='word_1_106' title='bbox 453 1807 601 1895; x_wconf 86' lang='grc' dir='ltr'><strong><em>μητέρων</em></strong></span> <span class='ocrx_word' id='word_1_107' title='bbox 617 1807 685 1883; x_wconf 86' lang='grc' dir='ltr'><strong><em>πώς</em></strong></span> <span class='ocrx_word' id='word_1_108' title='bbox 705 1804 751 1872; x_wconf 86' lang='grc' dir='ltr'><strong><em>ένι</em></strong></span> <span class='ocrx_word' id='word_1_109' title='bbox 767 1810 946 1896; x_wconf 80' lang='grc' dir='ltr'><strong><em>ποιεισθαι</em></strong></span> <span class='ocrx_word' id='word_1_110' title='bbox 963 1805 993 1888; x_wconf 85' lang='grc'><strong><em>7)</em></strong></span> <span class='ocrx_word' id='word_1_111' title='bbox 1015 1809 1119 1892; x_wconf 84' lang='grc' dir='ltr'><strong><em>λέγειν</em></strong></span> <span class='ocrx_word' id='word_1_112' title='bbox 1138 1806 1268 1885; x_wconf 83' lang='grc' dir='ltr'><strong><em>ταῦτα,</em></strong></span> 
     </span>
     <span class='ocr_line' id='line_1_15' title="bbox 256 1902 1277 2034; baseline -0.001 -58"><span class='ocrx_word' id='word_1_113' title='bbox 256 1934 270 1976; x_wconf 81' lang='lat' dir='ltr'><em>c</em></span> <span class='ocrx_word' id='word_1_114' title='bbox 300 1902 504 2028; x_wconf 76' lang='grc' dir='ltr'><strong><em>προῦπάρχει</em></strong></span> <span class='ocrx_word' id='word_1_115' title='bbox 531 1913 604 2026; x_wconf 77' lang='grc' dir='ltr'><strong><em>περὶ</em></strong></span> <span class='ocrx_word' id='word_1_116' title='bbox 629 1905 707 1986; x_wconf 83' lang='grc' dir='ltr'><strong><em>τοὺς</em></strong></span> <span class='ocrx_word' id='word_1_117' title='bbox 731 1913 853 1994; x_wconf 85' lang='grc' dir='ltr'><strong><em>γονεῖς,</em></strong></span> <span class='ocrx_word' id='word_1_118' title='bbox 886 1914 959 2034; x_wconf 87' lang='grc' dir='ltr'><strong><em>περὶ</em></strong></span> <span class='ocrx_word' id='word_1_119' title='bbox 983 1905 1043 1992; x_wconf 83' lang='grc' dir='ltr'><strong><em>τὴν</em></strong></span> <span class='ocrx_word' id='word_1_120' title='bbox 1072 1912 1182 1998; x_wconf 84' lang='grc' dir='ltr'><strong><em>σχέσιν</em></strong></span> <span class='ocrx_word' id='word_1_121' title='bbox 1213 1925 1277 1995; x_wconf 57' lang='grc' dir='ltr'><strong><em>γεέ</em></strong></span> 
     </span>
     <span class='ocr_line' id='line_1_16' title="bbox 256 2001 1269 2132; baseline 0 -52"><span class='ocrx_word' id='word_1_122' title='bbox 256 2014 383 2081; x_wconf 80' lang='grc' dir='ltr'><strong><em>νέσθαι</em></strong></span> <span class='ocrx_word' id='word_1_123' title='bbox 404 2007 528 2092; x_wconf 82' lang='grc' dir='ltr'><strong><em>ταύτην</em></strong></span> <span class='ocrx_word' id='word_1_124' title='bbox 549 2011 612 2078; x_wconf 85' lang='grc' dir='ltr'><strong><em>τών</em></strong></span> <span class='ocrx_word' id='word_1_125' title='bbox 635 2007 785 2132; x_wconf 77' lang='grc' dir='ltr'><strong><em>ἄστρων,</em></strong></span> <span class='ocrx_word' id='word_1_126' title='bbox 811 2006 868 2101; x_wconf 84' lang='grc' dir='ltr'><strong><em>άφ</em></strong></span> <span class='ocrx_word' id='word_1_127' title='bbox 888 2001 928 2094; x_wconf 80' lang='grc' dir='ltr'><strong><em>ἧς</em></strong></span> <span class='ocrx_word' id='word_1_128' title='bbox 947 2016 1165 2106; x_wconf 76' lang='grc' dir='ltr'><strong><em>προλέγονσις</em></strong></span> <span class='ocrx_word' id='word_1_129' title='bbox 1193 2015 1269 2080; x_wconf 87' lang='grc' dir='ltr'><strong><em>Καὶ</em></strong></span> 
     </span>
     <span class='ocr_line' id='line_1_17' title="bbox 231 2103 1268 2208; baseline 0.003 -28"><span class='ocrx_word' id='word_1_130' title='bbox 231 2197 237 2208; x_wconf 26' lang='grc' dir='ltr'>ι</span> <span class='ocrx_word' id='word_1_131' title='bbox 255 2111 331 2204; x_wconf 74' lang='grc' dir='ltr'><strong><em>μὴν</em></strong></span> <span class='ocrx_word' id='word_1_132' title='bbox 338 2119 394 2181; x_wconf 85' lang='grc' dir='ltr'><strong><em>καὶ</em></strong></span> <span class='ocrx_word' id='word_1_133' title='bbox 409 2118 529 2202; x_wconf 86' lang='grc' dir='ltr'><strong><em>γονέων</em></strong></span> <span class='ocrx_word' id='word_1_134' title='bbox 539 2109 643 2203; x_wconf 83' lang='grc' dir='ltr'><strong><em>τόχας</em></strong></span> <span class='ocrx_word' id='word_1_135' title='bbox 660 2109 726 2181; x_wconf 86' lang='grc' dir='ltr'><strong><em>άπὸ</em></strong></span> <span class='ocrx_word' id='word_1_136' title='bbox 740 2116 804 2182; x_wconf 84' lang='grc' dir='ltr'><strong><em>τών</em></strong></span> <span class='ocrx_word' id='word_1_137' title='bbox 819 2103 999 2183; x_wconf 80' lang='grc' dir='ltr'><strong><em>παίδων</em></strong></span> <span class='ocrx_word' id='word_1_138' title='bbox 959 2141 1016 2198; x_wconf 91' lang='grc' dir='ltr'><strong><em>της</em></strong></span> <span class='ocrx_word' id='word_1_139' title='bbox 1036 2119 1188 2202; x_wconf 83' lang='grc' dir='ltr'><strong><em>γενέσεως</em></strong></span> <span class='ocrx_word' id='word_1_140' title='bbox 1208 2121 1268 2184; x_wconf 82' lang='grc' dir='ltr'><strong><em>καί</em></strong></span> 
     </span>
     <span class='ocr_line' id='line_1_18' title="bbox 256 2214 1268 2340; baseline 0.002 -56"><span class='ocrx_word' id='word_1_141' title='bbox 256 2219 382 2286; x_wconf 80' lang='grc' dir='ltr'><strong><em>παίδων</em></strong></span> <span class='ocrx_word' id='word_1_142' title='bbox 396 2215 620 2338; x_wconf 82' lang='grc' dir='ltr'><strong><em>διριθέσεις,7</em></strong></span> <span class='ocrx_word' id='word_1_143' title='bbox 604 2223 673 2284; x_wconf 84' lang='grc' dir='ltr'><strong><em>οῐαι</em></strong></span> <span class='ocrx_word' id='word_1_144' title='bbox 693 2216 825 2284; x_wconf 81' lang='grc' dir='ltr'><strong><em>ἔσονται</em></strong></span> <span class='ocrx_word' id='word_1_145' title='bbox 847 2224 902 2285; x_wconf 81' lang='grc' dir='ltr'><strong><em>καὶ</em></strong></span> <span class='ocrx_word' id='word_1_146' title='bbox 916 2214 1047 2340; x_wconf 87' lang='grc' dir='ltr'><strong><em>ὁποίαις</em></strong></span> <span class='ocrx_word' id='word_1_147' title='bbox 1068 2222 1268 2288; x_wconf 80' lang='grc' dir='ltr'><strong><em>συνέπονται</em></strong></span> 
     </span>
     <span class='ocr_line' id='line_1_19' title="bbox 194 2317 1270 2412; baseline 0.003 -23"><span class='ocrx_word' id='word_1_148' title='bbox 194 2347 197 2352; x_wconf 93' lang='grc'><em>·</em></span> <span class='ocrx_word' id='word_1_149' title='bbox 256 2318 388 2410; x_wconf 77' lang='grc' dir='ltr'><strong><em>τύχαις,</em></strong></span> <span class='ocrx_word' id='word_1_150' title='bbox 421 2317 488 2388; x_wconf 83' lang='grc' dir='ltr'><strong><em>άπὸ</em></strong></span> <span class='ocrx_word' id='word_1_151' title='bbox 513 2323 578 2388; x_wconf 86' lang='grc' dir='ltr'><strong><em>τών</em></strong></span> <span class='ocrx_word' id='word_1_152' title='bbox 605 2325 754 2412; x_wconf 84' lang='grc' dir='ltr'><strong><em>πατέρων</em></strong></span> <span class='ocrx_word' id='word_1_153' title='bbox 781 2326 854 2408; x_wconf 87' lang='grc' dir='ltr'><strong><em>περὶ</em></strong></span> <span class='ocrx_word' id='word_1_154' title='bbox 878 2323 941 2388; x_wconf 85' lang='grc' dir='ltr'><strong><em>τών</em></strong></span> <span class='ocrx_word' id='word_1_155' title='bbox 967 2318 1056 2391; x_wconf 82' lang='grc' dir='ltr'><strong><em>όώπω</em></strong></span> <span class='ocrx_word' id='word_1_156' title='bbox 1084 2318 1270 2410; x_wconf 88' lang='grc' dir='ltr'><strong><em>γεγονότων</em></strong></span> 
     </span>
     <span class='ocr_line' id='line_1_20' title="bbox 256 2387 1272 2552; baseline 0.002 -61"><span class='ocrx_word' id='word_1_157' title='bbox 256 2428 406 2510; x_wconf 85' lang='grc' dir='ltr'><strong><em>λέγουσι,</em></strong></span> <span class='ocrx_word' id='word_1_158' title='bbox 429 2431 484 2492; x_wconf 93' lang='grc' dir='ltr'><strong><em>και</em></strong></span> <span class='ocrx_word' id='word_1_159' title='bbox 505 2425 538 2505; x_wconf 79' lang='grc' dir='ltr'><strong><em>ἐξ</em></strong></span> <span class='ocrx_word' id='word_1_160' title='bbox 557 2387 726 2552; x_wconf 71' lang='grc' dir='ltr'><strong><em>ρἰδελεμώίι,</em></strong></span> <span class='ocrx_word' id='word_1_161' title='bbox 755 2419 908 2552; x_wconf 73' lang='grc' dir='ltr'><strong><em>άδεληών</em></strong></span> <span class='ocrx_word' id='word_1_162' title='bbox 923 2420 1037 2492; x_wconf 84' lang='grc' dir='ltr'><strong><em>θανά.</em></strong></span> <span class='ocrx_word' id='word_1_163' title='bbox 1029 2440 1116 2503; x_wconf 88' lang='grc' dir='ltr'><strong><em>ους</em></strong></span> <span class='ocrx_word' id='word_1_164' title='bbox 1146 2429 1203 2492; x_wconf 85' lang='grc' dir='ltr'><strong><em>καὶ</em></strong></span> <span class='ocrx_word' id='word_1_165' title='bbox 1234 2451 1272 2493; x_wconf 86' lang='grc' dir='ltr'><strong><em>εκ</em></strong></span> 
     </span>
     <span class='ocr_line' id='line_1_21' title="bbox 257 2523 1270 2647; baseline 0 -51"><span class='ocrx_word' id='word_1_166' title='bbox 257 2527 419 2615; x_wconf 86' lang='grc' dir='ltr'><strong><em>γυναικών</em></strong></span> <span class='ocrx_word' id='word_1_167' title='bbox 435 2525 480 2595; x_wconf 85' lang='grc' dir='ltr'><strong><em>τά</em></strong></span> <span class='ocrx_word' id='word_1_168' title='bbox 496 2532 570 2613; x_wconf 87' lang='grc' dir='ltr'><strong><em>περὶ</em></strong></span> <span class='ocrx_word' id='word_1_169' title='bbox 588 2525 666 2605; x_wconf 77' lang='grc' dir='ltr'><strong><em>τοὺς</em></strong></span> <span class='ocrx_word' id='word_1_170' title='bbox 685 2523 809 2647; x_wconf 80' lang='grc' dir='ltr'><strong><em>άνδρρις</em></strong></span> <span class='ocrx_word' id='word_1_171' title='bbox 830 2532 886 2594; x_wconf 85' lang='grc' dir='ltr'><strong><em>καὶ</em></strong></span> <span class='ocrx_word' id='word_1_172' title='bbox 905 2523 1068 2597; x_wconf 79' lang='grc' dir='ltr'><strong><em>ἀνάπαλίν</em></strong></span> <span class='ocrx_word' id='word_1_173' title='bbox 1084 2551 1127 2601; x_wconf 79' lang='grc' dir='ltr'><strong><em>τε</em></strong></span> <span class='ocrx_word' id='word_1_174' title='bbox 1140 2530 1175 2596; x_wconf 79' lang='grc' dir='ltr'><strong><em>ἐκ</em></strong></span> <span class='ocrx_word' id='word_1_175' title='bbox 1191 2525 1270 2596; x_wconf 81' lang='grc' dir='ltr'><strong><em>τού-</em></strong></span> 
     </span>
     <span class='ocr_line' id='line_1_22' title="bbox 256 2626 1271 2750; baseline 0.001 -52"><span class='ocrx_word' id='word_1_176' title='bbox 256 2655 322 2698; x_wconf 88' lang='grc' dir='ltr'><strong><em>των</em></strong></span> <span class='ocrx_word' id='word_1_177' title='bbox 345 2634 462 2699; x_wconf 82' lang='grc' dir='ltr'><strong><em>ἐκεινα.</em></strong></span> <span class='ocrx_word' id='word_1_178' title='bbox 503 2629 625 2708; x_wconf 86' lang='grc' dir='ltr'><strong><em>Πώς</em></strong></span> <span class='ocrx_word' id='word_1_179' title='bbox 611 2653 652 2696; x_wconf 91' lang='grc' dir='ltr'><strong><em>αν</em></strong></span> <span class='ocrx_word' id='word_1_180' title='bbox 681 2654 739 2697; x_wconf 91' lang='grc' dir='ltr'><strong><em>ουν</em></strong></span> <span class='ocrx_word' id='word_1_181' title='bbox 763 2657 783 2712; x_wconf 90' lang='grc' dir='ltr'><strong><em>η</em></strong></span> <span class='ocrx_word' id='word_1_182' title='bbox 808 2626 952 2750; x_wconf 76' lang='grc' dir='ltr'><strong><em>έκώστρυ</em></strong></span> <span class='ocrx_word' id='word_1_183' title='bbox 981 2634 1091 2720; x_wconf 84' lang='grc' dir='ltr'><strong><em>σχέσις</em></strong></span> <span class='ocrx_word' id='word_1_184' title='bbox 1119 2634 1171 2698; x_wconf 76' lang='grc' dir='ltr'><strong><em>ἐπὶ</em></strong></span> <span class='ocrx_word' id='word_1_185' title='bbox 1203 2634 1271 2703; x_wconf 85' lang='grc' dir='ltr'><strong><em>τών</em></strong></span> 
     </span>
     <span class='ocr_line' id='line_1_23' title="bbox 257 2727 1272 2828; baseline 0.002 -27"><span class='ocrx_word' id='word_1_186' title='bbox 257 2731 388 2825; x_wconf 76' lang='grc' dir='ltr'><strong><em>ἄστρων</em></strong></span> <span class='ocrx_word' id='word_1_187' title='bbox 409 2737 515 2814; x_wconf 84' lang='grc' dir='ltr'><strong><em>ποιεί,</em></strong></span> <span class='ocrx_word' id='word_1_188' title='bbox 539 2727 562 2798; x_wconf 85' lang='grc' dir='ltr'><strong><em>ίι</em></strong></span> <span class='ocrx_word' id='word_1_189' title='bbox 555 2727 681 2828; x_wconf 70' lang='grc' dir='ltr'><strong><em>ᾔδη’</em></strong></span> <span class='ocrx_word' id='word_1_190' title='bbox 665 2757 700 2800; x_wconf 85' lang='grc' dir='ltr'><strong><em>εκ</em></strong></span> <span class='ocrx_word' id='word_1_191' title='bbox 723 2737 872 2826; x_wconf 86' lang='grc' dir='ltr'><strong><em>πατέρων</em></strong></span> <span class='ocrx_word' id='word_1_192' title='bbox 895 2729 999 2812; x_wconf 83' lang='grc' dir='ltr'><strong><em>όάτως</em></strong></span> <span class='ocrx_word' id='word_1_193' title='bbox 1018 2735 1097 2818; x_wconf 79' lang='grc' dir='ltr'><strong><em>ἕξειν</em></strong></span> <span class='ocrx_word' id='word_1_194' title='bbox 1119 2738 1272 2821; x_wconf 76' lang='grc' dir='ltr'><strong><em>λέγεταις</em></strong></span> 
     </span>
     <span class='ocr_line' id='line_1_24' title="bbox 247 2814 1281 2928; baseline 0 -23"><span class='ocrx_word' id='word_1_195' title='bbox 247 2831 304 2905; x_wconf 90' lang='grc' dir='ltr'><strong><em>Ἢ</em></strong></span> <span class='ocrx_word' id='word_1_196' title='bbox 315 2833 379 2928; x_wconf 87' lang='grc' dir='ltr'><strong><em>γάρ</em></strong></span> <span class='ocrx_word' id='word_1_197' title='bbox 399 2837 503 2902; x_wconf 79' lang='grc' dir='ltr'><strong><em>ἐκεῖνα</em></strong></span> <span class='ocrx_word' id='word_1_198' title='bbox 523 2814 565 2901; x_wconf 85' lang='grc' dir='ltr'><strong><em>τά</em></strong></span> <span class='ocrx_word' id='word_1_199' title='bbox 585 2831 731 2928; x_wconf 90' lang='grc' dir='ltr'><strong><em>πρότερα</em></strong></span> <span class='ocrx_word' id='word_1_200' title='bbox 750 2835 844 2904; x_wconf 81' lang='grc' dir='ltr'><strong><em>ἔσται</em></strong></span> <span class='ocrx_word' id='word_1_201' title='bbox 865 2832 908 2903; x_wconf 88' lang='grc' dir='ltr'><strong><em>τά</em></strong></span> <span class='ocrx_word' id='word_1_202' title='bbox 930 2839 1107 2920; x_wconf 76' lang='grc' dir='ltr'><strong><em>ποιοῦντα,</em></strong></span> <span class='ocrx_word' id='word_1_203' title='bbox 1128 2834 1150 2919; x_wconf 89' lang='lat'><strong><em>6</em></strong></span> <span class='ocrx_word' id='word_1_204' title='bbox 1171 2835 1281 2927; x_wconf 79' lang='grc' dir='ltr'><strong><em>εἰμὴ·</em></strong></span> 
     </span>
     <span class='ocr_line' id='line_1_25' title="bbox 203 2935 1272 3029; baseline 0.004 -23"><span class='ocrx_word' id='word_1_205' title='bbox 203 3017 205 3023; x_wconf 15' lang='lat' dir='ltr'>y</span> <span class='ocrx_word' id='word_1_206' title='bbox 257 2940 362 3006; x_wconf 75' lang='grc' dir='ltr'><strong><em>ἐκεῖνα</em></strong></span> <span class='ocrx_word' id='word_1_207' title='bbox 386 2943 488 3021; x_wconf 85' lang='grc' dir='ltr'><strong><em>ποιεῖ,</em></strong></span> <span class='ocrx_word' id='word_1_208' title='bbox 517 2936 593 3007; x_wconf 77' lang='grc' dir='ltr'><strong><em>οὐδὲ</em></strong></span> <span class='ocrx_word' id='word_1_209' title='bbox 615 2941 731 3007; x_wconf 77' lang='grc' dir='ltr'><strong><em>ταῦτα.</em></strong></span> <span class='ocrx_word' id='word_1_210' title='bbox 775 2941 845 3007; x_wconf 86' lang='grc' dir='ltr'><strong><em>Καὶ</em></strong></span> <span class='ocrx_word' id='word_1_211' title='bbox 862 2936 928 3029; x_wconf 80' lang='grc' dir='ltr'><strong><em>μὴν</em></strong></span> <span class='ocrx_word' id='word_1_212' title='bbox 946 2935 1038 3026; x_wconf 78' lang='grc' dir='ltr'><strong><em>καὶὴ</em></strong></span> <span class='ocrx_word' id='word_1_213' title='bbox 1058 2936 1216 3029; x_wconf 88' lang='grc' dir='ltr'><strong><em>ὁμοιότης</em></strong></span> <span class='ocrx_word' id='word_1_214' title='bbox 1230 2945 1272 3010; x_wconf 80' lang='grc' dir='ltr'><strong><em>’ἐν</em></strong></span> 
     </span>
     <span class='ocr_line' id='line_1_26' title="bbox 257 3035 1282 3138; baseline 0.003 -29"><span class='ocrx_word' id='word_1_215' title='bbox 257 3049 328 3120; x_wconf 82' lang='grc' dir='ltr'><strong><em>τοῖς</em></strong></span> <span class='ocrx_word' id='word_1_216' title='bbox 349 3041 447 3108; x_wconf 80' lang='grc' dir='ltr'><strong><em>ἐίδεσι</em></strong></span> <span class='ocrx_word' id='word_1_217' title='bbox 469 3039 552 3134; x_wconf 87' lang='grc' dir='ltr'><strong><em>πρὸς</em></strong></span> <span class='ocrx_word' id='word_1_218' title='bbox 573 3039 651 3121; x_wconf 77' lang='grc' dir='ltr'><strong><em>τοὺς</em></strong></span> <span class='ocrx_word' id='word_1_219' title='bbox 669 3045 785 3130; x_wconf 84' lang='grc' dir='ltr'><strong><em>γονέας</em></strong></span> <span class='ocrx_word' id='word_1_220' title='bbox 806 3038 943 3110; x_wconf 88' lang='grc' dir='ltr'><strong><em>ὀίκοθεν</em></strong></span> <span class='ocrx_word' id='word_1_221' title='bbox 962 3035 1068 3138; x_wconf 58' lang='grc' dir='ltr'><strong><em>ρησί,</em></strong></span> <span class='ocrx_word' id='word_1_222' title='bbox 1105 3050 1160 3110; x_wconf 86' lang='grc' dir='ltr'><strong><em>καὶ</em></strong></span> <span class='ocrx_word' id='word_1_223' title='bbox 1188 3041 1282 3113; x_wconf 85' lang='grc' dir='ltr'><strong><em>κάλ-’</em></strong></span> 
     </span>
     <span class='ocr_line' id='line_1_27' title="bbox 257 3139 1271 3240; baseline 0.007 -30"><span class='ocrx_word' id='word_1_224' title='bbox 257 3147 317 3222; x_wconf 84' lang='grc' dir='ltr'><strong><em>λος</em></strong></span> <span class='ocrx_word' id='word_1_225' title='bbox 343 3151 399 3212; x_wconf 82' lang='grc' dir='ltr'><strong><em>καὶ</em></strong></span> <span class='ocrx_word' id='word_1_226' title='bbox 429 3139 543 3234; x_wconf 86' lang='grc' dir='ltr'><strong><em>άῖσχος</em></strong></span> <span class='ocrx_word' id='word_1_227' title='bbox 565 3142 666 3225; x_wconf 88' lang='grc' dir='ltr'><strong><em>ἰέναι,</em></strong></span> <span class='ocrx_word' id='word_1_228' title='bbox 699 3141 768 3212; x_wconf 72' lang='grc' dir='ltr'><strong><em>ἀλλ’</em></strong></span> <span class='ocrx_word' id='word_1_229' title='bbox 803 3141 841 3211; x_wconf 88' lang='lat'><strong><em>06</em></strong></span> <span class='ocrx_word' id='word_1_230' title='bbox 869 3143 965 3233; x_wconf 85' lang='grc' dir='ltr'><strong><em>παρά</em></strong></span> <span class='ocrx_word' id='word_1_231' title='bbox 988 3147 1100 3240; x_wconf 79' lang='grc' dir='ltr'><strong><em>φοράς</em></strong></span> <span class='ocrx_word' id='word_1_232' title='bbox 1127 3143 1271 3240; x_wconf 76' lang='grc' dir='ltr'><strong><em>ἄστρων.</em></strong></span> 
     </span>
     <span class='ocr_line' id='line_1_28' title="bbox 252 3241 1307 3343; baseline 0.007 -31"><span class='ocrx_word' id='word_1_233' title='bbox 252 3241 412 3334; x_wconf 81' lang='grc' dir='ltr'><strong><em>Ἐώλογον</em></strong></span> <span class='ocrx_word' id='word_1_234' title='bbox 433 3249 469 3314; x_wconf 78' lang='grc' dir='ltr'><strong><em>δὲ</em></strong></span> <span class='ocrx_word' id='word_1_235' title='bbox 495 3243 582 3313; x_wconf 87' lang='grc' dir='ltr'><strong><em>κατά</em></strong></span> <span class='ocrx_word' id='word_1_236' title='bbox 607 3245 684 3326; x_wconf 80' lang='grc' dir='ltr'><strong><em>τοὺς</em></strong></span> <span class='ocrx_word' id='word_1_237' title='bbox 711 3243 834 3325; x_wconf 84' lang='grc' dir='ltr'><strong><em>άυτούς</em></strong></span> <span class='ocrx_word' id='word_1_238' title='bbox 857 3244 997 3343; x_wconf 88' lang='grc' dir='ltr'><strong><em>χρόνους</em></strong></span> <span class='ocrx_word' id='word_1_239' title='bbox 1018 3257 1074 3318; x_wconf 80' lang='grc' dir='ltr'><strong><em>καί</em></strong></span> <span class='ocrx_word' id='word_1_240' title='bbox 1096 3246 1183 3318; x_wconf 75' lang='grc' dir='ltr'><strong><em>ἄλλα</em></strong></span> <span class='ocrx_word' id='word_1_241' title='bbox 1204 3249 1273 3332; x_wconf 79' lang='grc' dir='ltr'><strong><em>ζῶά</em></strong></span> <span class='ocrx_word' id='word_1_242' title='bbox 1305 3287 1307 3296; x_wconf 39' lang='grc' dir='ltr'><strong><em>ν</em></strong></span> 
     </span>
     <span class='ocr_line' id='line_1_29' title="bbox 257 3343 1282 3474; baseline -0.001 -52"><span class='ocrx_word' id='word_1_243' title='bbox 257 3375 292 3422; x_wconf 84' lang='grc' dir='ltr'><strong><em>τε</em></strong></span> <span class='ocrx_word' id='word_1_244' title='bbox 327 3347 542 3429; x_wconf 86' lang='grc' dir='ltr'><strong><em>παντοδαπά,</em></strong></span> <span class='ocrx_word' id='word_1_245' title='bbox 589 3357 645 3418; x_wconf 81' lang='grc' dir='ltr'><strong><em>καί</em></strong></span> <span class='ocrx_word' id='word_1_246' title='bbox 677 3345 879 3474; x_wconf 77' lang='grc' dir='ltr'><strong><em>ἀνθρώπρυς</em></strong></span> <span class='ocrx_word' id='word_1_247' title='bbox 907 3343 979 3439; x_wconf 76' lang='grc' dir='ltr'><strong><em>ἅμα</em></strong></span> <span class='ocrx_word' id='word_1_248' title='bbox 1001 3353 1175 3438; x_wconf 89' lang='grc' dir='ltr'><strong><em>γίνεσθαι,</em></strong></span> <span class='ocrx_word' id='word_1_249' title='bbox 1220 3349 1282 3432; x_wconf 86' lang='grc' dir='ltr'><strong><em>ὁῐς·</em></strong></span> 
     </span>
     <span class='ocr_line' id='line_1_30' title="bbox 257 3445 1271 3575; baseline 0.002 -55"><span class='ocrx_word' id='word_1_250' title='bbox 257 3445 384 3575; x_wconf 85' lang='grc' dir='ltr'><strong><em>ίίπασιγ</em></strong></span> <span class='ocrx_word' id='word_1_251' title='bbox 403 3455 498 3546; x_wconf 76' lang='grc' dir='ltr'><strong><em>ἐχρῆν</em></strong></span> <span class='ocrx_word' id='word_1_252' title='bbox 515 3450 559 3519; x_wconf 88' lang='grc' dir='ltr'><strong><em>τά</em></strong></span> <span class='ocrx_word' id='word_1_253' title='bbox 576 3449 663 3520; x_wconf 84' lang='grc' dir='ltr'><strong><em>ώυτά</em></strong></span> <span class='ocrx_word' id='word_1_254' title='bbox 682 3449 835 3535; x_wconf 78' lang='grc' dir='ltr'><strong><em>ἰῑναι,7</em></strong></span> <span class='ocrx_word' id='word_1_255' title='bbox 819 3449 910 3535; x_wconf 71' lang='lat'><strong><em>066</em></strong></span> <span class='ocrx_word' id='word_1_256' title='bbox 936 3451 1021 3536; x_wconf 75' lang='grc' dir='ltr'><strong><em>’άντίγ</em></strong></span> <span class='ocrx_word' id='word_1_257' title='bbox 1010 3458 1168 3543; x_wconf 75' lang='grc' dir='ltr'><strong><em>γσχέσις,</em></strong></span> <span class='ocrx_word' id='word_1_258' title='bbox 1200 3457 1271 3534; x_wconf 84' lang='grc' dir='ltr'><strong><em>πῶς</em></strong></span> 
     </span>
    </p>
   </div>
   <div class='ocr_carea' id='block_1_3' title="bbox 258 3547 1373 3686">
    <p class='ocr_par' dir='ltr' id='par_1_3' title="bbox 258 3547 1373 3686">
     <span class='ocr_line' id='line_1_31' title="bbox 258 3547 1373 3686; baseline 0.005 -62"><span class='ocrx_word' id='word_1_259' title='bbox 258 3553 317 3624; x_wconf 83' lang='grc' dir='ltr'><strong><em>ὂῦν</em></strong></span> <span class='ocrx_word' id='word_1_260' title='bbox 345 3548 417 3646; x_wconf 83' lang='grc' dir='ltr'><strong><em>άμα</em></strong></span> <span class='ocrx_word' id='word_1_261' title='bbox 440 3564 501 3646; x_wconf 75' lang='grc' dir='ltr'><strong><em>μὲν</em></strong></span> <span class='ocrx_word' id='word_1_262' title='bbox 528 3552 748 3648; x_wconf 84' lang='grc' dir='ltr'><strong><em>άνθρώπονς,</em></strong></span> <span class='ocrx_word' id='word_1_263' title='bbox 784 3547 920 3686; x_wconf 79' lang='grc' dir='ltr'><strong><em>άμαὲ</em></strong></span> <span class='ocrx_word' id='word_1_264' title='bbox 885 3558 920 3623; x_wconf 79' lang='grc' dir='ltr'><strong><em>δὲ</em></strong></span> <span class='ocrx_word' id='word_1_265' title='bbox 947 3552 991 3624; x_wconf 83' lang='grc' dir='ltr'><strong><em>τά</em></strong></span> <span class='ocrx_word' id='word_1_266' title='bbox 1017 3552 1105 3625; x_wconf 72' lang='grc' dir='ltr'><strong><em>άλίά</em></strong></span> <span class='ocrx_word' id='word_1_267' title='bbox 1125 3554 1183 3625; x_wconf 85' lang='grc' dir='ltr'><strong><em>διά</em></strong></span> <span class='ocrx_word' id='word_1_268' title='bbox 1203 3561 1283 3630; x_wconf 64' lang='grc' dir='ltr'><strong><em>τῶν</em></strong></span> <span class='ocrx_word' id='word_1_269' title='bbox 1372 3624 1373 3632; x_wconf 73' lang='grc'><strong><em>,</em></strong></span> 
     </span>
    </p>
   </div>
   <div class='ocr_carea' id='block_1_4' title="bbox 317 3960 1270 4059">
    <p class='ocr_par' dir='ltr' id='par_1_4' title="bbox 317 3960 1270 4059">
     <span class='ocr_line' id='line_1_32' title="bbox 317 3960 1270 4059; baseline 0.004 -21"><span class='ocrx_word' id='word_1_270' title='bbox 317 3963 427 4038; x_wconf 77' lang='grc' dir='ltr'><strong><em>Ἀλλά</em></strong></span> <span class='ocrx_word' id='word_1_271' title='bbox 451 3960 517 4059; x_wconf 81' lang='grc' dir='ltr'><strong><em>γάρ</em></strong></span> <span class='ocrx_word' id='word_1_272' title='bbox 544 3967 689 4056; x_wconf 87' lang='grc' dir='ltr'><strong><em>γίγνεται</em></strong></span> <span class='ocrx_word' id='word_1_273' title='bbox 715 3977 776 4056; x_wconf 75' lang='grc' dir='ltr'><strong><em>μὲν</em></strong></span> <span class='ocrx_word' id='word_1_274' title='bbox 804 3971 927 4038; x_wconf 72' lang='grc' dir='ltr'><strong><em>ἕκαστα</em></strong></span> <span class='ocrx_word' id='word_1_275' title='bbox 955 3966 1042 4038; x_wconf 83' lang='grc' dir='ltr'><strong><em>κατά</em></strong></span> <span class='ocrx_word' id='word_1_276' title='bbox 1072 3967 1132 4051; x_wconf 85' lang='grc' dir='ltr'><strong><em>τάς</em></strong></span> <span class='ocrx_word' id='word_1_277' title='bbox 1160 3968 1270 4042; x_wconf 82' lang='grc' dir='ltr'><strong><em>άυτών</em></strong></span> 
     </span>
    </p>
   </div>
   <div class='ocr_carea' id='block_1_5' title="bbox 0 0 1387 4790">
    <p class='ocr_par' dir='ltr' id='par_1_5' title="bbox 0 0 1387 4790">
     <span class='ocr_line' id='line_1_33' title="bbox 0 0 1387 4790; baseline 0 0"><span class='ocrx_word' id='word_1_278' title='bbox 0 0 1387 4790; x_wconf 95' lang='lat' dir='ltr'><strong><em> </em></strong></span> 
     </span>
    </p>
   </div>
  </div>
 </body>
</html>
