2828 4792
1093 385 1134 447 33

126 553 208 618 rium
243 551 334 622 fleret
367 551 431 617 eins
452 552 568 632 ,quod
584 550 701 615 santum
731 561 790 614 est.
848 553 913 614 Sed
940 552 1014 634 quis
1042 554 1133 616 nobis

126 655 459 740 cognitamentum
482 673 610 728 causae,
635 673 694 734 per
716 675 793 735 quies
816 655 1009 718 contrarium
1023 655 1133 736 prohi-

125 761 281 830 beretur,
319 755 392 821 ideo
419 755 481 817 diei
509 755 570 818 ista
598 755 820 836 improhibita:
854 759 947 832 haee,
986 759 1131 840 inquam,

126 861 234 922 dicere
255 879 361 922 nonne
383 859 493 923 ludere
522 869 570 920 est
598 857 629 920 in
655 857 916 940 disputationibus
939 861 1063 926 minime
1080 863 1135 932 ,ln-

125 960 250 1024 dicris?
283 963 370 1024 Nam
387 961 537 1048 ignorare
558 971 705 1025 nostrum
730 961 806 1026 nihil
833 963 932 1027 refert
959 963 991 1026 in
1011 964 1062 1040 id,
1100 975 1137 1028 ut
1216 983 1224 1010 ι

123 1087 177 1128 res
199 1064 280 1139 sint,
313 1063 476 1145 minusque
497 1062 572 1127 sint.
616 1063 763 1144 Apparet
787 1067 868 1126 enim
889 1067 953 1128 hoe
974 1087 1029 1130 eos
1052 1065 1136 1148 dice·

123 1188 179 1242 ne,
201 1165 244 1230 sit
261 1187 305 1230 se
327 1165 445 1247 aliquid
466 1163 497 1228 in
519 1185 630 1228 eorum
652 1185 785 1230 numero
799 1188 890 1251 ·quae
904 1181 1038 1248 possunt
1053 1189 1133 1244 esse,

124 1270 156 1332 id
180 1271 321 1352 pendere
342 1283 371 1332 'a
384 1266 510 1331 ,notitia
539 1279 662 1330 nostra.
722 1267 783 1330 His
813 1267 911 1352 igitur
944 1269 998 1352 qui
1026 1291 1136 1334 causas

123 1373 262 1446 istorum
294 1383 434 1451 norunt,
473 1372 581 1454 quales
610 1381 682 1432 sunt
712 1381 824 1447 vates,
862 1383 1047 1437 nonerunt
1076 1373 1136 1436 ista

124 1495 209 1560 quse
246 1472 317 1548 fieri
342 1485 490 1556 queunt,
539 1493 677 1554 quormn
708 1472 770 1554 ipsi
797 1493 906 1536 causas
934 1473 1135 1556 impedientes

123 1589 219 1647 notas
242 1578 379 1653 habeut,
408 1575 503 1642 nobis
529 1587 633 1638 autem
655 1587 746 1638 enmt
768 1576 842 1640 talia
864 1597 944 1659 quae
966 1577 1037 1640 fieri
1058 1599 1135 1662 que-

125 1692 198 1756 ant,
239 1679 295 1762 qui
315 1699 424 1758 cannes
446 1677 651 1760 impedientes
681 1699 745 1742 non
767 1680 928 1742 novimus.
994 1681 1070 1746 Hoc
1091 1680 1137 1755 itti

125 1785 247 1858 modo,
286 1803 381 1864 quein
395 1780 560 1855 diximus,
599 1803 729 1858 servare
759 1783 902 1858 volentes
928 1805 1034 1848 sertim
1056 1778 1137 1866 quiae

125 1897 265 1968 possunt
285 1885 356 1960 fieri
378 1896 408 1948 et
431 1884 694 1966 ancipites‘sunt,
718 1897 878 1960 saturant,
903 1885 988 1964 aiunt
1005 1907 1041 1950 ea
1055 1908 1137 1970 quae

125 2011 169 2052 ex
190 1989 275 2052 Fato
298 1987 399 2065 fiuxit,
435 2009 613 2070 quanquam
635 1987 710 2050 fiant
731 1987 978 2064 inevitabiliter,
1002 2009 1067 2058 non
1088 2002 1137 2052 ta-

125 2113 198 2154 men
220 2089 292 2155 fieri
309 2090 515 2174 posessorio,
549 2089 623 2170 quia
645 2088 765 2150 scilicet
787 2103 963 2172 agnoscunt
985 2091 1056 2157 fieri
1076 2113 1138 2172 po-

126 2193 322 2278 ntisseutet
344 2192 540 2266 eontrarium
561 2192 672 2267 fieret,
697 2211 780 2254 vocs
801 2191 856 2256 itta
876 2214 998 2274 posse
1020 2194 1135 2286 fieri,

125 2298 168 2363 ita
189 2309 226 2365 ut
249 2295 405 2374 diximus,
431 2307 572 2378 accepta.
618 2295 708 2356 Haec
730 2307 835 2370 certe,
861 2308 896 2358 ut
909 2295 972 2358 iarn
989 2297 1135 2373 diximus,

117 2401 301 2482 ,ludentium
322 2411 412 2475 sunt,
436 2420 502 2467 uon
524 2401 642 2482 dogm
662 2397 748 2464 senio
773 2399 1016 2464 defendentium.
1053 2401 1139 2464 Huic

125 2503 227 2567 simile
251 2515 298 2566 est
320 2505 409 2584 quod
429 2501 560 2576 dieunt,
592 2500 785 2569 enuntiatum
808 2501 910 2577 istud,
948 2523 1037 2566 eras
1059 2489 1138 2566 ina-

125 2607 161 2672 ri
192 2606 462 2720 pugnabitur,
497 2625 593 2686 posse
617 2625 685 2680 esse
708 2625 841 2680 verum,
892 2617 1083 2668 nontamen
1107 2619 1140 2668 et

127 2708 365 2775 necessarium·
394 2730 475 2772 nam
495 2706 708 2773 necessarium
736 2727 805 2768 esse
828 2709 915 2790 quod
936 2729 1062 2792 semper
1083 2731 1139 2774 ve·

125 2835 197 2877 rum
219 2824 284 2886 est3
306 2813 371 2876 hoc
391 2831 471 2874 vero
494 2813 632 2875 nondum
654 2831 737 2871 nunc
759 2831 828 2872 esse
851 2831 980 2888 verum,
1006 2815 1061 2874 sed
1083 2835 1139 2882 ve-

126 2937 197 2983 rum
224 2915 320 2990 fore,
359 2914 414 2981 ubi
446 2913 526 2976 mari
555 2911 767 2996 pugnabitur,
819 2913 915 2992 Quod
943 2914 970 2976 si
1002 2935 1056 2977 res
1076 2937 1139 2978 uon

127 3031 174 3082 est
195 3017 395 3094 necessaria,
422 3017 507 3078 aiunt
527 3014 574 3076 illi
589 3059 597 3090 ,
612 3033 725 3098 'neque
749 3034 829 3096 ergo
852 3017 1063 3078 necessarium
1079 3030 1137 3093 est,

127 3123 214 3204 quod
235 3119 303 3185 istis
326 3119 434 3182 verbis
457 3117 675 3201 significatur,
716 3138 756 3178 ex
778 3116 963 3180 necessitate
985 3118 1141 3184 tietmari

126 3223 295 3306 praelium.
340 3223 437 3301 Quod
459 3220 572 3285 sinon
595 3241 707 3282 verum
730 3221 863 3282 esthon
886 3240 933 3282 ex
955 3224 1141 3285 necessi-

120 3338 232 3412 tate,
270 3347 341 3390 cum
364 3337 468 3402 tantm
491 3344 600 3387 verum
623 3321 663 3404 sit
684 3323 758 3386 tore
782 3322 861 3389 inari
881 3323 1052 3404 praelium,
1078 3345 1142 3390 non

129 3443 234 3494 tamen
253 3451 298 3514 ex
320 3425 522 3500 necessitate,
547 3427 603 3486 sed
625 3437 659 3486 ut
680 3425 713 3488 id
736 3427 822 3506 quod
844 3445 885 3486 ex
907 3425 1034 3506 ancipiti
1050 3449 1142 3492 catus

125 3544 234 3616 potest
255 3530 350 3607 fieri,
376 3529 403 3592 si
426 3540 531 3593 autem
554 3527 753 3611 ambiguum,
778 3549 842 3590 non
864 3511 1009 3603 tollitur,
1035 3529 1140 3605 aiunt,

126 3657 199 3703 sors
233 3635 289 3696 illa
317 3653 432 3714 anceps
462 3653 520 3713 per
549 3649 606 3692 eos
638 3630 692 3710 qui
724 3631 894 3694 defendunt
925 3632 1031 3696 omnia
1059 3637 1143 3700 Fato

129 3738 211 3824 geri.
258 3738 335 3800 Hoc
353 3756 435 3796 ¹¹vero
458 3755 567 3796 rursus
590 3731 706 3818 partim
729 3733 902 3796 ludentium
926 3747 995 3811 est,
1012 3738 1144 3818 ‚partim

128 3843 161 3906 id
190 3845 228 3904 de
259 3845 323 3924 q'uo
357 3839 507 3919 loquatur
544 3834 771 3924 ignorantium.
840 3837 915 3900 Non
939 3839 1022 3922 enim¹
1047 3861 1144 3923 omne

131 3949 219 4030 quod
243 3966 284 4006 ex
305 3939 491 4038 necessitate
514 3938 549 4002 fit
562 3985 570 4014 ,
583 3936 836 4020 necessarium,
876 3939 902 4002 si
925 3940 957 4004 id
979 3945 1066 4026 quod
1088 3964 1143 4020 ne.

749 4149 755 4170 1
