2758 4790
242 902 545 1002 Siglarum
602 899 975 1002 Explicatio.

497 1141 720 1158 m

107 1333 235 1397 Havn.
279 1330 421 1396 Denotat
450 1327 605 1395 Codieem
637 1326 858 1394 Fabricianum
887 1329 1032 1394 Havniae
1059 1354 1110 1397 as·

191 1425 352 1508 servatam
382 1433 417 1498 in
448 1425 647 1499 Bibliotheea
681 1421 907 1500 Universitatis
935 1435 1021 1500 Nro.
1055 1435 1111 1500 86.

191 1538 277 1603 Vide
297 1538 442 1604 Praefat.

106 1641 218 1707 Mon.
261 1641 438 1726 Exemplar
459 1639 603 1706 editionis
625 1639 760 1704 Aldinae
787 1639 905 1724 prioris
933 1638 966 1706 in
987 1641 1112 1708 Biblio-

191 1745 284 1812 theca
310 1743 415 1831 Regia
446 1742 636 1816 Monacensi
664 1765 736 1808 cum
764 1743 889 1808 Glossis
920 1742 1048 1830 scriptis
1078 1746 1112 1813 in

191 1848 334 1940 margine
355 1869 471 1926 manu,
494 1859 530 1912 ut
551 1837 698 1924 videtur,
722 1846 765 1911 Ρ.
788 1846 942 1913 Victorii.

104 1953 200 2019 ΑΗ.
224 1951 257 2020 1.
301 1949 483 2018 Editionem
502 1944 680 2035 principem
700 1947 849 2015 Aldinam
870 1950 910 2016 de
931 1970 1014 2016 anno
1030 1940 1114 2020 test

193 2055 226 2122 in
246 2054 342 2122 folio.
783 2063 789 2066 “

104 2161 199 2227 Ald.
222 2160 255 2224 2.
299 2155 482 2223 Editionem
517 2154 666 2222 Aldinam
708 2155 922 2242 posteriorem
965 2173 1114 2227 excusam

193 2282 276 2328 anno
300 2261 383 2327 1686
404 2259 553 2327 infolio.

104 2367 246 2437 Casel.
289 2364 470 2430 Editionein
493 2361 623 2430 Ioannis
647 2361 764 2430 Caseiii
784 2355 970 2452 impressam
992 2361 1116 2435 Rosto·

193 2469 257 2536 chii
278 2471 361 2536 1588
382 2469 487 2533 forma
509 2479 636 2553 quarta.

104 2575 238 2644 Lond.
282 2573 465 2640 Editionem
475 2567 712 2650 Londinensem
723 2571 970 2659 graecolatinam
984 2597 1118 2660 expres-
1227 2623 1229 2628 -

192 2701 260 2744 sam
280 2678 365 2764 typis
387 2675 533 2742 Thomae
554 2675 718 2758 Royerost
738 2689 821 2742 anno
845 2669 930 2743 1668
950 2669 983 2744 in
1005 2661 1060 2743 18.

105 2785 261 2851 Euseb.
303 2784 468 2866 Excerpta
487 2791 529 2844 ex
542 2770 720 2846 Alexandri
739 2775 824 2846 Iiisro
846 2773 886 2845 de
901 2769 984 2848 Fato
999 2773 1031 2846 in
1046 2782 1116 2854 En·

194 2881 278 2951 sebii
308 2881 415 2949 Libro
450 2880 517 2947 vl.
561 2881 600 2945 de
642 2879 885 2966 praeparatione
920 2871 1117 2975 Evangelioa

104 2988 537 3180 Bag'coili'iaffxiiersionem
550 3086 677 3152 latinam
691 3039 882 3169 ffieroaymi‘
894 3082 1043 3178 Bagolini
1058 3105 1116 3156 ex.
1240 3143 1242 3156 ⁴

196 3217 306 3309 cusam
329 3193 475 3260 Venetiis
508 3194 593 3279 apud
620 3188 851 3274 Hieronymum
879 3189 1012 3260 Scotum
1033 3196 1116 3262 1569

107 3319 236 3468 Sohirnl
243 3291 367 3466 661663
397 3395 590 3465 versionem
605 3395 825 3464 Germanicam
839 3399 974 3487 Georgii
989 3399 1116 3499 Schult-

197 3504 292 3570 hessii
312 3504 463 3570 insertam
483 3502 541 3567 lib.
563 3501 634 3566 tin:
682 3499 869 3568 Battiotten
893 3501 953 3601 der
972 3503 1118 3570 (triesti-
1153 3545 1155 3552 ‹

195 3602 300 3678 sciren
317 3607 553 3692 Philosophus·
596 3603 827 3672 Turiei1782.
851 3603 895 3670 Τ.
918 3600 984 3672 lv.
1006 3625 1042 3690 p·
1057 3601 1119 3670 252

198 3724 230 3776 et
251 3729 342 3798 seqq.

469 3899 756 3946 a*
