2782 4790
352 705 391 774 Ol
412 693 678 793 συγχωρήσαντες
698 696 950 788 Ιτίναπσβλήτους
971 699 1033 780 τὰς
1046 694 1166 792 αἱρετός
1183 723 1218 767 τε
1232 704 1289 770 καί

284 809 400 886 κακίας
427 808 510 874 έῖναι
537 805 616 884 ἴσως
642 799 892 897 προχειρότερον
920 799 1143 891 λαμβάνοντες
1164 805 1290 889 λέγοιεν

282 908 324 979 ι’ίν
355 914 382 992 ¹)
413 905 500 976 κατὰ
526 909 624 976 τούτο
652 905 712 986 τὰς
743 907 822 988 ἕξεις
849 909 901 974 ἐπὶ
928 912 999 986 τοῖς
1027 906 1156 996 ἔχουσιν
1187 907 1289 987 έῖναι,

281 1008 437 1081 καθόσον
457 1007 523 1103 πρὸ
545 1011 605 1079 τού
626 1005 882 1098 λαβεῖνᾶυτὰς,
915 1006 961 1078 ἐπ’
984 1005 1099 1087 ἆυτοῖς
1119 997 1161 1091 ἦν
1180 1010 1210 1091 ⁹)
1232 1013 1289 1076 καὶ

279 1113 325 1206 μὴ
347 1119 469 1202 λαβεῖν.
521 1110 572 1208 ‘Op'
591 1137 627 1180 τε
647 1109 712 1204 γὰρ
733 1109 794 1192 τὰς
815 1109 935 1205 ἇρετὰς
962 1112 1102 1201 ἔχοντες,
1140 1109 1211 1194 ε’ξόν
1232 1117 1288 1179 καὶ

279 1216 319 1286 τό
347 1221 410 1286 τῶν
437 1211 615 1304 βελτιόνων
642 1212 771 1304 ἀμελεῖν
807 1217 856 1298 ³),
902 1210 1049 1310 ἑλόμενοι
1077 1212 1121 1282 τό
1152 1215 1287 1302 βελτίω,

280 1318 394 1400 αυτοῖς
422 1316 524 1388 ἆίτιοι
553 1320 612 1398 τῆς
640 1321 703 1386 τῶν
730 1314 854 1410 ἀρετῶν
883 1320 1029 1406 ἐγένοντο
1059 1312 1221 1405 κτήσεως,
1255 1314 1288 1386 ὀί

278 1449 313 1492 τε
334 1421 395 1504 τὰς
415 1423 534 1502 κακίας
555 1422 680 1510 ἔχοντες
687 1472 696 1504 ,
718 1421 964 1514 παραπλησίως.
1003 1415 1085 1489 ‘Ob’
1108 1417 1211 1500 ἆυτός
1233 1428 1288 1489 καὶ

278 1529 330 1594 ε’πλ
350 1527 414 1593 τῶν
435 1524 553 1613 τεχνῶν
574 1519 682 1610 λόγος.
724 1525 796 1590 Καὶ
815 1521 881 1617 γὰρ
903 1525 967 1591 τῶν
983 1527 1135 1614 τεχνιτῶν
1149 1528 1288 1604 ἕκαστος

277 1625 342 1720 πρὸ
362 1633 424 1717 μέν
443 1628 503 1695 τοῦ
524 1630 636 1715 τέχνην
657 1626 759 1716 ἔχειν,
795 1628 857 1716 ε’ῑγε
885 1632 941 1694 καὶ
970 1630 1030 1694 τοῦ
1057 1625 1103 1716 μὴ
1124 1631 1288 1714 γενέσθαι

276 1729 337 1813 τὴν
365 1731 529 1813 ἐξουσίαν·
564 1725 735 1819 γενόμενος
763 1732 799 1796 δέ
831 1725 933 1798 οὐκέτ’
964 1729 1057 1798 ἔσται
1086 1727 1199 1823 κύριος
1226 1740 1287 1800 τοῦ

275 1830 323 1922 μὴ
343 1837 511 1919 γεγονέναι
532 1858 566 1901 τε
588 1838 643 1899 καὶ
665 1834 749 1901 ε’ῐναι
770 1835 930 1912 τοιοῦτος.
970 1829 1026 1901 ‘Ao
1055 1831 1120 1926 γὰρ
1148 1838 1288 1922 γενέσεις

276 1937 342 2004 τῶν
362 1932 522 2006 τοιούτων
544 1931 593 2030 ἐφ’
617 1929 715 2024 ἡμῖν,
743 1941 798 2003 καὶ
820 1932 999 2004 διότοῧτο
1021 1933 1081 2027 οὐχ
1103 1933 1225 2026 ὁμοίως
1248 1934 1288 2005 τό

236 2053 240 2062 ’
277 2033 407 2121 ἀληθὲς
428 2039 479 2106 ε’πί
501 2063 535 2106 τε
556 2039 620 2106 τῶν
639 2033 841 2128 μελλόντων,
877 2045 934 2106 καὶ
961 2041 1012 2107 ἐπὶ
1039 2041 1103 2108 τῶν
1132 2037 1235 2109 ὄντων
1257 2035 1288 2123 ⁴)

277 2167 311 2210 τε
332 2141 390 2210 καί
408 2137 609 2230 γεγονότων,
645 2132 760 2209 ὅτιτὸ
786 2149 847 2230 μὲν
874 2139 913 2210 όν
942 2167 976 2210 τε
1005 2145 1033 2223 ⁵)
1066 2149 1122 2212 καλ
1153 2141 1290 2231 γεγονὸς

277 2240 338 2335 οὐχ
359 2241 431 2313 όῐόν
451 2269 486 2311 τε
506 2233 547 2327 ἦν
567 2241 613 2332 μὴ
636 2245 719 2312 ε’ῖναι
740 2240 761 2310 ίί
780 2241 827 2332 μὴ
855 2248 1041 2332 γεγονέναι,
1079 2243 1118 2313 τὸ
1147 2249 1183 2314 δέ
1210 2251 1289 2336 μέλ

278 2351 337 2416 λον
356 2348 515 2468 γίνεσθαι
536 2348 698 2434 ἐνδέχεται
718 2352 774 2413 καὶ
793 2345 840 2435 μὴ
861 2350 1039 2434 γίνεσθαι·
1064 2345 1118 2416 διὸ
1139 2345 1204 2442 πρό
1226 2357 1289 2439 μέν

277 2452 337 2518 τού
358 2446 418 2532 τὴν
439 2445 557 2542 ἀρετὴν
578 2449 660 2539 ἔχειν
681 2444 776 2517 τόνδέ
803 2476 878 2518 τινα
905 2439 1082 2534 ἀληθές
1062 2477 1103 2533 ην
1131 2449 1171 2518 τὸ
1200 2453 1288 2520 ἐνδέ-

255 2558 404 2644 -χεσθαι
434 2557 490 2620 καὶ
518 2547 564 2641 μὴ
592 2555 755 2639 γενέσθαι
784 2553 944 2623 τοιοῦτον.
992 2547 1036 2622 ‘0
1064 2547 1122 2622 δέ
1125 2557 1290 2624 τοιοῦτον

276 2657 420 2744 γίνεται,
456 2656 555 2723 τοῦτο
577 2661 632 2722 καὶ
653 2651 826 2744 γενόμενον
848 2652 978 2739 ἀληθές
1001 2651 1087 2725 ὁύτω
1109 2661 1214 2745 λέγειν
1234 2685 1289 2780 γε-

276 2763 417 2848 γονέναι.
469 2753 521 2825 ’Et
540 2755 639 2847 μέν’
622 2759 681 2826 οὖν
703 2761 737 2825 ἐκ
764 2760 893 2845 γενετῆς
929 2755 948 2826 ό
968 2756 1146 2882 φρόνιμος
1173 2765 1288 2831 τοιοῦ-

276 2888 354 2944 τος,
376 2860 552 2929 καὶτοῦτο
573 2857 659 2954 πρὸς
679 2867 750 2940 τοῖς
771 2858 886 2944 ἄλλοις
909 2853 976 2945 ⁰)
959 2860 1024 2930 υπὸ
1034 2860 1199 2989 (μύσεως
1196 2861 1290 2934 ἆυτω

276 2967 461 3086 δεχομένοις
478 2966 541 3053 ἐῐχε
558 2959 633 3084 παρ’
653 2965 772 3086 ἐκείγης
786 2961 914 3050 λαβὼν,
935 2960 1005 3034 οὐδ
1021 2958 1143 3045 ὅλως’“
1119 2991 1162 3036 αν
1178 2956 1220 3050 ἦν
1239 2936 1286 3037 έιί

277 3064 367 3161 ἇυτῷ
380 3093 419 3134 το
406 3063 518 3135 έῖναι
533 3063 683 3160 τοιούτω,
700 3059 806 3190 ίίσγιερ
824 3064 946 3136 ούδὲ
913 3093 952 3136 το
964 3069 1047 3137 ε’ἶναι
1062 3070 1183 3154 δίποδι,
1198 3068 1289 3154 ἢλο-

276 3195 356 3263 γικω
341 3172 412 3253 7),
436 3163 546 3238 οὐδ”
523 3194 565 3238 αν
579 3169 758 3252 έπηνειτο”
739 3195 787 3238 ετι
802 3171 853 3237 ἐπὶ
866 3171 913 3237 τῶ
928 3195 1079 3292 τοιογτος
1100 3174 1193 3257 έῑναι,
1215 3172 1286 3244 ἀλλ’

277 3266 536 3362 ἐθαυμάζετο
503 3298 557 3356 ,ως
571 3271 651 3360 ἔχων
664 3268 758 3362 παρὰ
771 3273 829 3355 τῆς
842 3241 944 3354 θείας
962 3270 1091 3396 φύσεως
1108 3278 1214 3367 δῶρον
1229 3305 1287 3362 τη·

276 3377 438 3445 λικοῦτον.
455 3369 567 3454 Ὡς
528 3400 593 3466 γαρ
604 3397 669 3442 των
679 3369 893 3460 ὑγιαινόντων
904 3368 986 3459 ⁸),‘'
966 3386 1093 3468 οσοιμέ
1095 3375 1289 3462 νᾶσθενεῐς

277 3475 368 3557 ὄντες
378 3474 438 3560 τὴν
451 3473 563 3572 φύσιν,
579 3473 691 3544 διὰ
651 3501 709 3559 της
721 3479 842 3558 οἰκείας
853 3480 1066 3601 έπιμελείμς’
1049 3488 1112 3549 εισι
1119 3501 1285 3568 τοιουτοι,

276 3575 415 3660 τούτους
435 3587 496 3669 μέν
510 3576 764 3702 ἐπαινοῦμεν,
741 3607 784 3660 ως
799 3583 922 3704 έμυτῶν
919 3579 1096 3706 πρόνοιαν
1111 3582 1171 3668 τὴν
1184 3613 1287 3680 προς-

276 3677 424 3766 ἡκουσαν
454 3680 690 3771 ποιουμένους,
726 3679 809 3750 δι’
796 3678 837 3766 ἠν
863 3680 1024 3777 πρόνοιαν
1051 3683 1112 3756 ὀύκ
1140 3691 1224 3759 έισιν
1253 3696 1288 3760 έν
1379 3737 1384 3760 τ

277 3787 324 3880 τῷ
344 3789 466 3868 νοσελν,
488 3781 565 3863 τούς
586 3787 661 3852 δέ
645 3810 679 3853 εκ
701 3781 831 3879 φύσεως
851 3783 1028 3874 ὑγιεινούς,
1060 3795 1117 3858 και
1138 3790 1216 3873 τούς
1237 3793 1285 3883 μὴ

277 3856 458 3992 νόσοῦντας
479 3892 508 3970 9)
532 3884 608 3956 ἄνευ
630 3889 856 3979 πραγματείας
877 3896 933 3958 καὶ
954 3893 1159 3984 φροντίδος,
1175 3893 1285 3967 οὐκέτι

274 3998 336 4081 μέν
364 3991 575 4080 ἐπαινοῦμεν,
609 3991 829 4083 μακαρίζομεν
857 3995 910 4075 δὲ,
947 3989 989 4073 ὡς
1006 4003 1106 4086 χωρὶς
1127 3995 1285 4098 καμάτων
