2828 4792
1099 403 1138 470 37

130 591 197 634 nou
218 587 280 650 per
300 568 512 636 accessionem
533 581 565 634 et
587 571 843 656 consequentiam
865 575 905 640 ad
926 573 958 638 id
980 577 1066 658 quod
1089 587 1136 638 est

128 671 327 755 principale,
365 685 453 736 recte
481 673 556 738 hinc
584 675 754 738 inseramus
783 697 848 740 non
869 677 1081 742 [mastraessc
1103 679 1135 740 in

127 776 262 839 homine
289 775 365 846 vim.
381 777 665 842 consultratricem.
717 779 851 844 Frustra
878 793 981 844 alitem
1009 782 1135 846 consul·

127 880 208 956 tari,
233 879 261 942 si
279 891 391 942 cuncta
405 881 590 944 necessitate
605 881 794 964 proveniant
807 927 817 957 ,
840 883 933 950 [acite
948 895 1132 969 agnoscant,

127 983 184 1066 qui
212 1005 305 1046 usum
334 983 563 1048 consultatricis
596 983 753 1050 facultatis
783 987 943 1050 noverint.
1000 986 1136 1052 Constat

130 1085 213 1149 enim
236 1089 320 1168 apud
343 1107 451 1150 omnes
472 1106 570 1150 unum
592 1089 629 1148 de
652 1088 796 1154 omnibus
811 1088 1017 1154 anmantuus
1032 1090 1134 1154 homi-

129 1209 202 1264 nem
223 1191 286 1253 hoc
307 1190 424 1253 habere
446 1189 507 1254 sibi
530 1212 548 1252 a
569 1201 680 1252 natura
701 1189 924 1272 praecipuum,
948 1195 1035 1274 quod
1056 1214 1137 1268 non,

54 1281 58 1292 ¹
129 1305 163 1354 ut
185 1292 240 1356 illa
262 1293 406 1356 trahatur
428 1292 620 1367 visionibus,
645 1294 703 1355 scd
723 1293 932 1355 babeatintra
952 1313 986 1356 se
999 1294 1133 1358 iudicem

129 1395 336 1458 occinentium
353 1379 534 1471 unionum,
560 1417 598 1458 an
617 1397 847 1478 approbandae
868 1395 948 1472 sint,
980 1397 1135 1460 rationem

128 1495 270 1574 scilicet,
295 1519 357 1581 qna
378 1509 498 1574 utens,
511 1498 538 1562 si
560 1498 627 1561 visa
657 1519 796 1580 expensa
824 1499 898 1568 talia
915 1497 992 1562 sint
1029 1499 1135 1582 qualia

127 1593 218 1664 initio
246 1589 457 1693 putabantur,
497 1622 657 1664 assensum
686 1601 730 1664 eis
758 1603 907 1682 praebet,
946 1613 977 1666 et
1009 1623 1135 1669 assensa

129 1702 286 1786 sequitur.
346 1703 442 1782 Quod
464 1702 492 1764 si
512 1703 566 1766 illa
587 1703 764 1767 iudicentur
792 1706 932 1780 absum,
971 1716 1026 1766 attt
1052 1703 1135 1772 aliud

129 1806 205 1890 quid
237 1805 396 1887 praeferri
423 1805 570 1890 dignius,
616 1806 649 1870 id
681 1806 824 1888 praefert
857 1805 1073 1890 derelinquens
1103 1805 1136 1868 id

128 1910 217 1992 quod
238 1911 278 1972 ab
300 1907 390 1970 initio
414 1907 638 1990 optabileipsi
667 1909 846 1972 videbatur.
909 1908 961 1971 Ob
984 1910 1016 1974 id
1038 1909 1134 1972 multa

128 2032 209 2096 quae
232 2009 404 2093 exprimis
429 2009 503 2074 visis
532 2011 625 2077 nobis
653 2013 857 2092 placuerant,
896 2031 960 2074 non
994 2032 1135 2074 mansere

127 2115 329 2196 approbata,
365 2112 487 2178 ratione
510 2134 547 2178 ea
569 2113 739 2176 refutante.
785 2115 828 2176 Et
851 2134 930 2195 quac
951 2113 1035 2176 sacta
1055 2112 1135 2176 suis«

128 2229 220 2293 sent,
245 2216 273 2280 si
294 2216 445 2282 valttisset
468 2214 537 2304 visi
550 2215 743 2290 auctoritas,
768 2215 852 2278 iacta
868 2236 932 2278 non
948 2225 1037 2289 sunt,
1053 2214 1135 2278 ideo

128 2322 216 2404 quod
239 2321 282 2384 de
299 2317 337 2380 iis
360 2317 501 2382 instituta
522 2318 581 2381 suit
605 2317 819 2402 consultatio:
843 2317 960 2402 quippe
983 2339 1053 2380 cum
1076 2338 1135 2380 nos

127 2423 247 2488 domini
279 2420 375 2485 simus
405 2432 437 2484 et
465 2421 663 2484 consultandi
699 2405 730 2484 et
764 2443 805 2484 ex
841 2421 988 2485 consulto
1016 2419 1137 2497 facien,

126 2528 157 2588 di
177 2524 323 2588 dilectus.
368 2525 541 2587 Praeterea
563 2545 664 2606 neque
687 2527 724 2585 de
747 2523 880 2586 aeternis
903 2522 1067 2586 consilium
1080 2545 1132 2585 ca·

126 2630 245 2713 pimus,
270 2649 373 2708 neque
385 2629 423 2690 de
445 2625 482 2688 iis
505 2648 584 2708 quae
608 2638 752 2688 constant
774 2625 843 2694 fieri
866 2647 906 2688 ex
928 2625 1131 2688 necessitate:

127 2733 200 2815 quia
223 2731 299 2794 nihil
322 2733 360 2792 de
383 2729 428 2792 eis'
450 2730 657 2794 consultando
690 2728 831 2792 eveniret
854 2727 1024 2810 commodi.
1070 2728 1132 2796 Sed

128 2857 232 2918 neque
255 2837 293 2898 de
317 2832 360 2896 eis
376 2834 618 2910 consultamus,
644 2853 723 2914 quae
747 2853 787 2896 ea
810 2831 992 2924 necessitate
1008 2829 1132 2914 quidem

127 2961 192 3002 uon
208 2938 300 3012 fiunt,
319 2938 374 2998 sed
385 2956 465 3018 quae
476 2935 507 2997 in
523 2934 656 2998 aliorum
672 2945 744 2994 sunt
755 2940 925 3014 potestate,
951 2932 1023 3015 quia
1037 2955 1076 2994 ne
1091 2954 1132 3000 ea
1193 2953 1205 2974 Ι

127 3043 181 3105 tali
197 3041 322 3125 quidem
338 3037 569 3102 consultatione
595 3037 658 3104 ulla
677 3039 716 3097 ad
737 3057 795 3098 nos
819 3035 933 3098 utilitas
955 3038 1130 3098 redundare

125 3145 436 3226 posset.'Praetcrca
447 3139 601 3225 necdceis
614 3139 837 3214 consultamus,
856 3159 935 3220 quae
948 3138 1064 3204 anobis
1079 3135 1132 3221 agi

127 3245 315 3330 potuerant,
350 3248 407 3306 sed
429 3265 564 3326 quorum
586 3255 708 3322 tempus
731 3242 870 3322 clapsum
893 3252 958 3316 est,
997 3241 1068 3323 quia
1091 3263 1142 3302 ne.

128 3350 223 3414 e'tali
245 3349 369 3432 quidem
392 3346 525 3410 consilio
549 3345 664 3428 aliquid
686 3343 778 3409 uobis
802 3343 1003 3406 emolumenti
1020 3355 1130 3422 posset

127 3443 296 3520 obvenire-¹
340 3450 563 3516 Consultamus
586 3461 688 3510 autem
711 3458 830 3512 tantum
854 3448 891 3507 de
915 3445 952 3508 iis
969 3466 1049 3527 quae
1071 3445 1129 3508 im-

126 3555 245 3620 minent
267 3554 421 3637 nobisque
451 3553 573 3638 agenda
603 3563 692 3612 suut:
732 3548 875 3612 nimirum
904 3551 992 3630 quod
1024 3551 1061 3610 dc
1091 3548 1128 3611 iis

128 3658 320 3726 consultatio
344 3660 382 3721 ad
403 3657 569 3720 dilectuum
593 3653 825 3719 exsecutionem
840 3729 842 3736 Ι
854 3653 1006 3734 prodesse
1036 3651 1127 3716 nobis

126 3763 251 3847 possit.'
289 3763 369 3823 Nam
399 3760 426 3822 si
454 3760 485 3823 iu
514 3757 626 3840 quibus
650 3779 690 3818 ex
712 3758 780 3826 sola
802 3753 1030 3824 consultatione
1052 3754 1128 3816 nihil

128 3867 252 3952 assequi
273 3871 459 3948 possumus,
492 3883 556 3930 non
579 3861 812 3944 consultamus,
849 3856 1033 3942 sequitur
1055 3871 1124 3919 nos

127 3975 170 4046 de
193 3971 243 4036 iis
267 3980 417 4036 tautum
440 3965 697 4038 consultare,
731 3961 940 4044 dequibus
964 3961 1127 4038 consul,
