2828 4792
268 363 309 430 58

264 526 399 620 μήτιγε
417 529 480 597 τών
494 523 603 594 ἄλλων
623 520 713 592 τινά·
735 518 899 604 τοσαύτην
917 517 1010 612 ἰσχύν
1030 520 1095 646 ε’γιι
1112 514 1271 600 τάληθές,

264 641 322 704 καὶ
342 631 403 717 τὴν
425 627 520 721 παρά
541 632 606 698 τῶν
628 630 805 715 γινομένων
828 625 1029 748 μαρτυρίαν
1039 625 1169 718 ἐναργῆ.
1220 618 1271 688 'Ec

180 821 184 834 1
266 742 302 806 δέ
331 731 455 804 τούτων
487 727 566 815 ⁴)‘
549 729 654 810 ούτως
685 725 844 819 ἐχόντων,
891 726 985 818 ἰσχύν
1009 724 1116 796 ἀυτῶν
1142 721 1163 809 ἡ
1191 721 1272 806 δόξα

265 836 429 922 τοσαύτην
443 834 543 924 λάβοι
557 838 606 918 5),
634 831 677 914 ώς
701 830 829 912 πάντας
849 827 1054 925 ἀνθρώπους
1078 831 1270 910 πιστεύσω,

263 936 316 1011 ότι
337 939 430 1030 ἡμεῖς
449 949 509 1030 μέν
531 937 663 1060 σύδενὸς
686 933 812 1061 κύριοι,
841 932 996 1024 ἑπόμεθα
1018 937 1054 1001 δέ
1075 939 1146 1012 τσῐς
1164 957 1271 1024 περιε-

262 1047 383 1116 στῶσιν
400 1042 466 1126 άεί,
489 1039 620 1122 τούτοις
637 1037 815 1120 ἐνδιδόντες
828 1065 863 1107 τε
879 1064 935 1107 κσι
924 1041 1272 1126 συγκατατιθέμενοι

262 1155 319 1218 καί
339 1144 525 1242 πράττομεν
547 1170 582 1214 τε
603 1139 676 1230 ⁰)‘'
653 1173 677 1214 α
696 1140 884 1237 πράττομεν
910 1143 958 1235 τῷ
978 1138 1108 1220 πάντως
1128 1137 1272 1234 ὀφείλειν

262 1255 361 1320 τοῦτο
382 1247 539 1374 πράττειν
558 1249 616 1339 (μὴ
637 1246 702 1342 γάρ
723 1251 808 1316 ἐίναι
825 1211 1001 1315 δυνατόν’
983 1251 1070 1334 ημῖν,
1091 1241 1193 1312 ὄντων
1208 1244 1272 1312 τῶν

261 1351 483 1447 περιεστώτων
503 1350 678 1434 τοιούτων,
715 1349 799 1418 ἄλλο
816 1373 850 1418 τι
873 1351 996 1432 ποιειν)
1025 1345 1065 1416 σύ
1086 1336 1273 1439 πράττομεν

261 1463 297 1526 δέ
319 1453 456 1526 πάλιν
439 1458 576 1544 ομοίως,
599 1453 657 1523 διά
677 1451 717 1522 τό
731 1481 778 1542 μη
765 1449 966 1522 δύνασθαι
984 1449 1184 1539 ἀντιβαίνειν
1201 1455 1272 1530 τοῖς

260 1563 472 1682 περιεστῶσιν
490 1555 565 1628 όῦσι
592 1554 774 1640 τοιούτοις,
796 1557 828 1624 τί
851 1552 982 1625 ἄλλο’
959 1583 981 1640 η
1004 1549 1253 1645 συμβήσεται’
1230 1578 1272 1622 αν

260 1660 388 1743 πάντας
402 1661 431 1746 ⁷)
450 1658 653 1756 ἀνθρώπους
674 1660 733 1731 διά
752 1658 812 1744 τὴν
832 1656 963 1730 τοιάνδε
986 1662 1113 1743 πίστιν,
1144 1656 1189 1727 τά
1210 1667 1272 1748 μέν

260 1760 326 1836 ὅσα
345 1763 430 1856 μετά
449 1763 553 1835 πόνου
574 1763 741 1846 τινόςναί
763 1765 941 1859 φροντίδος
957 1765 1102 1852 γίνεται,
1137 1759 1271 1843 τούτοις

259 1878 320 1960 μὲν
337 1871 464 1964 χαίρειν
487 1873 607 1960 λέγειν,
640 1866 819 1962 άιρεῖσθαι
847 1872 882 1937 δὲ
913 1866 974 1948 τάς
992 1865 1077 1957 μετά
1100 1863 1271 1958 ραστώνης

258 1969 403 2060 ἡδονάςς
425 1970 469 2053 ώς
481 1970 610 2054 πάντως
625 1976 785 2064 ἐσομένου
802 1974 866 2041 τῶν
883 1968 1083 2067 ὀφειλόντων
1096 1975 1269 2060 γενέσθαι,

259 2080 361 2165 μηδὲν
392 2073 489 2146 άυτοί
515 2083 589 2170 περὶ
616 2072 724 2146 άυτών
753 2073 869 2146 όίσωσι
901 2071 1003 2146 καλόν
1034 2078 1074 2159 ⁸).
1111 2071 1215 2144 Ὀύτω
1240 2070 1268 2142 δ’
1277 2086 1284 2096 ’

150 2185 153 2194 ’
224 2193 229 2202 “
258 2177 368 2250 άυτῶν
388 2184 612 2270 διακειμένων,
635 2188 691 2249 καὶ
715 2183 780 2268 τών
792 2184 1024 2272 πραττομένων
1039 2174 1271 2248 ἀκολουθούν-

261 2309 327 2352 των
347 2291 423 2363 ταῖς
447 2278 611 2376 άιρέσεσιν
630 2281 738 2352 άυτών
759 2281 811 2366 (ού
836 2282 902 2376 γάρ
927 2282 968 2368 δὴ
988 2289 1018 2368 9)
1037 2281 1094 2352 διά
1114 2280 1174 2366 τὴν
1197 2287 1272 2369 περ)

259 2383 368 2456 ἆντών
390 2389 592 2482 ἐψευσμένην
612 2387 725 2456 πίστιν
741 2385 850 2468 άλλως
865 2415 934 2469 πως
950 2390 1011 2471 έξει
1031 2385 1074 2456 τά
1087 2383 1270 2480 πράγματα

257 2487 280 2574 ἢ
302 2487 346 2570 ὡς
363 2491 439 2580 ἔχει)
462 2492 506 2574 ¹⁰)
527 2485 610 2558 άλλό
630 2515 680 2572 τι,
709 2487 811 2573 ἢτών
830 2500 891 2581 μέν
905 2493 1013 2560 καλῶν
1033 2490 1126 2584 παρὰ
1138 2488 1270 2559 πάντων

259 2590 417 2687 ὀλιγωρία
433 2599 483 2674 τίς
504 2593 615 2678 ἔσται,
645 2589 789 2676 (πάντων
814 2593 878 2687 γάρ
900 2589 922 2678 ἡ
944 2596 1056 2679 κτῆσίς
1083 2620 1118 2662 τε
1149 2597 1191 2676 ¹¹)
1212 2600 1270 2663 καί

166 2739 175 2758 x
257 2695 426 2790 παρουσία
447 2699 510 2766 τών
531 2692 690 2766 τοιούτων
706 2695 791 2786 μετά
807 2693 957 2788 καμάτου
972 2699 1183 2791 περιγίνεται)
1204 2699 1269 2764 τιῖν

257 2805 293 2868 δέ
315 2801 423 2869 κακῶν
440 2797 581 2922 άίρεσις,
611 2792 668 2869 άτε
682 2805 859 2890 γινομένων
873 2799 956 2890 μετά
971 2798 1140 2894 ῥαστώνης
1158 2828 1192 2869 τε
1211 2807 1269 2868 καὶ

257 2901 395 2987 ἡδονηςς
426 2902 509 2997 πρὸς
531 2900 589 2983 όύς
612 2906 661 2984 τίς
682 2901 724 2974 άν
750 2901 844 3030 παρά
865 2901 990 2975 τούτοιν
1015 2904 1115 2990 ¹²)''
1087 2933 1135 2989 ειη
1153 2901 1269 2993 λόγος,

258 2997 302 3078 ών
323 2995 517 3087 πεισθέντες
538 3013 610 3088 τοῖς
631 3004 776 3098 δόγμασι
790 2997 904 3092 ἦλθον
919 3011 969 3078 ἐπὶ
991 3013 1116 3096 ταύτας
1144 3013 1270 3096 λέγοιεν

255 3109 321 3236 γάρ
353 3108 395 3180 ι’ίν
420 3111 554 3191 δικαίως
585 3107 668 3236 πρός
699 3108 841 3192 άυτούς,
886 3117 915 3182 ἐι
946 3110 1101 3183 άιτιώντο
1129 3107 1269 3191 άυτούς,

256 3209 310 3285 ότι
327 3211 373 3303 μὴ
395 3210 467 3285 όῖόν
484 3239 518 3282 τε
538 3202 580 3297 ἦν
598 3212 729 3297 σίντοῖς,
750 3217 815 3284 τ’ών
831 3213 1055 3344 περιεστώτων
1075 3215 1178 3286 ὄντων
1199 3240 1269 3283 τοι·

256 3315 377 3402 σύτων,
410 3314 546 3388 άλλοῖόν
570 3344 603 3387 τι
629 3315 817 3411 πράττειν.
831 3315 900 3401 Ὁίς
925 3323 993 3400 πῶς
1020 3315 1268 3410 ἐπιτιμήσουσιν

256 3419 398 3511 ἐυλόγως
418 3427 450 3490 οί
471 3417 528 3491 διά
548 3425 612 3490 τών
637 3419 811 3512 δογμάτων
833 3420 956 3493 τούτων
973 3421 1088 3503 άυτσίς
1108 3420 1267 3492 διδάσκα-

257 3532 311 3594 λοι
348 3522 535 3614 γεγονότεςς
587 3527 714 3614 μᾶλλον
757 3527 793 3594 δέ
836 3523 910 3596 όύτε
940 3523 1157 3650 ἐπιτιμήσεις,
1192 3523 1266 3595 όύτὲ

255 3624 405 3709 κολάσεις
433 3631 494 3712 ¹³),
541 3624 615 3697 όύτε
642 3629 847 3756 προτροπὴ,
860 3626 934 3698 όύτε
956 3628 1055 3719 τιμὴ,
1092 3627 1157 3698 ούτ
1182 3626 1266 3698 ι’ίλλό

256 3757 287 3800 τι
312 3735 376 3802 τών
398 3728 558 3802 τοιούτων
577 3731 636 3816 τὴν
658 3731 781 3802 οἰκείαν
802 3730 900 3804 σώσει
921 3759 985 3802 κατ
1015 3732 1138 3814 ἆυτούς
1152 3729 1289 3832 φύσιν,

255 3833 362 3905 αλ’·”λ
326 3861 437 3905 ·εσται
459 3843 514 3905 καί
537 3833 660 3907 τούτων
679 3843 818 3908 ἕκαστον
840 3831 885 3920 ¹⁴)
913 3834 1085 3960 γινόμενον
1101 3863 1265 3924 κατηναγ-

254 3945 442 4030 κασιιίνως,
479 3933 585 4034 ὥσπερ
625 3949 778 4023 κακείνα,
827 3939 877 4036 ἐφ
908 3938 980 4022 όίς
991 3945 1097 4011 ταῦτα
1132 3943 1264 4030 γίνεται.
