2828 4792
1029 424 1127 483 1¹67

119 589 301 673 pertiuntur
323 588 386 652 illis
411 589 548 672 quinon
572 610 610 652 eo
636 591 736 652 modo
759 601 903 670 peccant.
949 590 1032 654 Vide
1048 613 1129 651 nnnc

118 695 285 776 quomodo
307 691 485 756 hominibus
508 691 695 775 flagitiosis,
732 692 785 775 qui
802 693 883 766 hanc
900 693 1086 759 sententiam
1111 715 1129 756 a
1222 701 1225 706 “

119 794 320 879 philosophis
346 795 502 870 hausere,
550 793 701 856 instillent
730 795 873 878 magistri
902 789 1028 872 talium,
1056 776 1129 858 Jnon

118 899 220 962 tainus
236 897 323 980 ipsos
340 895 432 962 venia
443 917 517 959 -esse
537 896 650 980 dignos
673 919 767 979 quam
788 918 844 962 eos
864 896 917 980 qni
935 920 999 961 non
1015 910 1129 980 sponte

120 1013 269 1088 peccant.
314 1002 400 1065 Non.
413 999 500 1066 euim.
527 998 583 1074 illi⁸
600 997 659 1078 (sie
682 999 786 1078 aiunt)
819 1000 922 1084 aliqua
945 1013 1076 1064 externa
1097 1001 1130 1064 vi

122 1115 271 1190 cogente,
289 1124 370 1186 qnae
381 1115 484 1165 tamen
491 1102 577 1178 forte
590 1113 620 1164 et
629 1102 857 1184 caveripotuit,
865 1103 984 1167 faciunt
993 1127 1073 1188 quae
1080 1105 1128 1168 fa·

120 1208 217 1284 ciunt‚
238 1209 295 1271 sed
310 1208 349 1268 ab
362 1205 431 1288 ipsa
442 1225 522 1288 quae
536 1203 618 1276 inter
628 1204 716 1285 ipsos
729 1216 786 1280 est,
803 1217 925 1282 natura,
943 1207 1031 1284 itaut
1039 1209 1130 1271 aliter

117 1331 212 1396 agere
228 1329 294 1377 uon
305 1308 491 1391 potueriut‚-
503 1328 582 1391 quae
595 1306 692 1391 igitur
706 1303 783 1389 ipsis
801 1320 848 1370 est
858 1302 1127 1390 peccandicausa.

117 1412 261 1495 Quodsi
283 1432 341 1474 nee
361 1410 413 1474 alii
429 1410 552 1473 necilli
574 1408 635 1491 ipsi
657 1409 711 1493 qui
733 1411 917 1474 sententiam
937 1411 1028 1474 istam
1050 1434 1127 1494 pos·

116 1516 237 1604 sident,
283 1513 405 1589 veniam
434 1513 538 1586 daturi
571 1523 643 1574 snut
675 1512 766 1576 istam
796 1513 949 1578 adserenti
978 1516 1129 1597 peccandi

118 1640 266 1696 causam,
290 1627 438 1700 tanquam
458 1613 599 1684 mendaci
624 1626 655 1678 et
672 1615 753 1680 falsa
771 1615 906 1693 dicenti,
930 1618 1128 1682 manifesttun

118 1733 164 1786 est
185 1723 226 1784 ab
252 1719 313 1783 illis
330 1719 415 1801 ,ipsis
444 1739 508 1782 non
531 1717 631 1780 minus
654 1740 748 1800 quam
778 1721 817 1782 ab
838 1719 912 1798 ‚attis
943 1721 1031 1783 credi
1053 1742 1129 1802 esse

118 1824 236 1906 aliquid
260 1823 293 1886 in
315 1834 432 1884 nestra¹
442 1832 618 1902 potestate,
650 1842 714 1883 non
737 1825 900 1904 quomodo
926 1822 973 1885 illi
991 1825 1056 1886 hoc
1076 1825 1130 1889 lo-¹

120 1925 236 2009 quendi
256 1945 355 2008 genus
377 1923 554 2005 explicant,
585 1922 640 1985 ubi
661 1923 845 1986 industriam
871 1946 997 1987 omnem
1018 1927 1128 1989 eonfe-

119 2040 192 2102 runt
227 2029 268 2099 ad
297 2029 442 2112 tuendam
471 2025 676 2103 assertionem
708 2047 814 2101 suam,
852 2030 909 2090 sed
931 2029 1023 2113 quale
1051 2030 1129 2093 illud

121 2133 236 2202 debere
253 2193 258 2205 ,
276 2127 409 2212 intelligi
432 2127 525 2210 ipsis,
551 2127 642 2192 laetis
680 2140 711 2190 et
743 2127 803 2209 ipsi
840 2141 872 2192 et
903 2129 954 2192 alii
985 2130 1128 2195 homines

121 2244 288 2306 testantur.
332 2232 416 2294 Nam
439 2231 466 2293 si
489 2231 581 2312 plane
607 2232 772 2294 crederent
797 2251 865 2296 rem
891 2231 973 2296 sieut
1001 2233 1126 2311 dieimt‚

121 2358 153 2401 se
164 2337 311 2410 babere,
350 2332 495 2406 omnibus
523 2334 726 2416 peccantibus
753 2334 975 2419 ignoscerent,
1013 2348 1049 2400 ut
1075 2338 1129 2421 qui

124 2460 187 2506 nou
207 2435 376 2511 habuerint
397 2457 462 2512 non
483 2436 529 2501 sie
551 2436 663 2520 agendi
678 2436 874 2520 libertatem.

512 2777 514 2782 ·
583 2749 666 2812 XX.

186 2853 269 2922 Esse
280 2854 389 2939 ,igitur
403 2873 523 2930 ,revera
541 2848 675 2935 aliquid,
700 2857 787 2937 quod
801 2854 1004 2936 in-potestate
1019 2867 1130 2918 nostra
1225 2896 1232 2922 t
1245 2915 1246 2918 ,

125 2958 288 3028 dicendum
305 2958 367 3032 sit,
390 2941 492 3040 neque
507 2956 557 3022 *ob
578 2958 659 3020 hane
677 2955 854 3019 libertatem
876 2978 927 3019 res
948 2957 1015 3020 sine
1038 2979 1147 3021 eausa·

125 3063 214 3140 lieri,
238 3062 311 3129 ideo
333 3062 420 3142 qnod
437 3079 516 3143 qnae
541 3057 587 3121 sic
606 3058 703 3134 fiunt,
728 3078 838 3122 eorum
859 3081 952 3122 causa
973 3059 1014 3122 sit
1031 3061 1138 3124 homo·

125 3165 210 3248 ipse,
245 3155 496 3246 principiumque
517 3161 630 3246 agendi
656 3182 786 3238 eorum,
825 3183 905 3244 qnae
928 3184 1002 3225 ase
1027 3163 1129 3238 fiunt,

125 3269 199 3332 satis
227 3266 425 3330 manifestum
444 3264 562 3330 iaciunt
584 3265 644 3327 iam
666 3265 769 3338 dicta3
800 3265 873 3328 satis
900 3265 1046 3328 etiamid
1073 3265 1132 3327 sibi

125 3373 354 3455 persuaderent
374 3366 435 3451 ipsi
459 3355 523 3442 illi,'
554 3368 608 3449 qui
634 3380 745 3432 eontra
768 3379 923 3431 conantur
947 3369 1073 3450 dicere,
1105 3386 1133 3450 si

127 3495 239 3538 eorum
253 3493 352 3556 „quae
379 3482 497 3556 agunt,
535 3471 588 3533 vel
617 3471 769 3533 tantillum
801 3469 847 3532 sie
865 3491 971 3555 'agere
998 3472 1131 3534 sustine·

126 3589 216 3654 rent,
251 3588 397 3658 tanquam
423 3595 501 3637 vera
528 3573 682 3646 dicentest
717 3573 771 3652 (id
798 3586 866 3649 est,
906 3573 932 3634 si
947 3595 1131 3655 persuasum
1225 3559 1227 3566 l

127 3677 378 3750 haberentnihil
397 3699 506 3740 eorum
525 3698 604 3760 quae
627 3678 666 3738 ab
688 3677 842 3759 aliquibus
858 3677 953 3753 iltuit,
978 3677 1020 3741 ita
1041 3678 1130 3752 lieri,v

126 3795 161 3846 ut
176 3783 271 3854 iidem
287 3781 377 3844 simul
395 3803 459 3844 non
474 3783 506 3849 id
517 3779 630 3865 agendi
650 3790 725 3840 tune
746 3781 911 3842 habuerint
926 3781 1132 3860 libertatem.)

126 3890 209 3958 Nam
229 3884 285 3968 qui
309 3885 341 3947 id
358 3883 418 3946 sihi
431 3883 640 3974 persuaserit,
665 3881 691 3943 is
712 3881 782 3944 fieri
807 3904 871 3945 non
893 3895 999 3964 potest
1021 3896 1055 3946 ut
1078 3884 1133 3946 ali·

126 4011 222 4073 ¹quem
245 3988 381 4068 culpata
396 3999 437 4055 ‚ut
457 3987 590 4070 aliquem
611 3987 737 4076 laudet,
759 3995 805 4050 ,ut
824 3987 970 4058 hortetur
985 3986 1131 4069 aliquem,
