2758 4790
1069 419 1129 484 209

123 603 203 650 vero
232 583 264 647 in
291 567 354 648 sua
377 593 496 648 tantum
523 585 624 667 patria
653 586 854 670 proprioque
882 569 987 652 ‚tractu
1009 591 1129 652 Persae

122 688 250 752 nefariis
273 709 306 752 se
333 687 449 770 nuptiis
472 687 650 770 implicant,
686 691 794 752 sedet
820 690 873 773 qui
900 711 1011 754 eorum
1038 704 1128 754 extra
1202 739 1205 746 ·

119 792 283 856 Persidem
303 791 464 865 habitant,
496 791 705 874 dicunturque
725 793 912 876 Magusaei,
939 796 1046 856 eadem
1069 777 1126 877 pa·-

109 905 202 957 trant
233 892 377 979 flagitia,
426 895 585 956 tradentes
627 894 701 956 istas
731 896 818 978 leges
861 908 954 980 atque
987 897 1128 964 instituta

118 998 256 1079 posteris
284 1017 345 1078 per
378 1017 505 1060 manus:
540 1017 676 1079 quorum
703 998 792 1060 multi
823 1021 906 1061 nune
937 1012 1010 1062 sunt
1040 1013 1071 1064 et
1094 1003 1126 1066 in

115 1100 226 1163 Media
244 1095 278 1164 et'
293 1101 325 1164 in
341 1099 495 1182 Aegypto
515 1111 546 1162 et
566 1099 597 1161 in
617 1099 761 1184 Phrygia
781 1113 812 1164 et
832 1100 967 1165 Galatia.
1014 1106 1126 1188 Neque

116 1214 220 1266 tamon
244 1202 434 1267 invomnium
452 1223 563 1266 eorrrm
587 1202 732 1286 genitura
754 1216 925 1284 conspecta
948 1216 995 1267 est
1014 1187 1125 1270 Venus

114 1306 146 1368 in
173 1306 289 1369 finibus
319 1295 351 1368 et
380 1305 545 1368 domiciliis
573 1304 718 1380 Saturni,
758 1306 927 1368 Saturnum
955 1308 1124 1372 comitante

115 1411 237 1472 Marte.
294 1409 404 1491 Apud·
422 1409 565 1471 Gelonos
596 1429 664 1471 mos
694 1421 759 1484 est,
791 1421 826 1472 ut
851 1407 985 1472 feminae
1012 1431 1125 1496 agrurn

114 1513 239 1589 colant,
264 1514 377 1576 domos
398 1510 571 1586 fabricent,
597 1509 765 1595 omniaque
786 1511 905 1574 faciant
925 1513 1067 1596 opificia,
1093 1537 1125 1590 et

115 1615 300 1698 quibuscum
325 1614 441 1690 velint,
479 1624 708 1689 consuescant,
748 1615 885 1678 maribus
912 1617 950 1678 de
963 1637 1015 1682 ‚eo
1045 1617 1123 1680 nilrll

115 1718 399 1816 conquerentibus4
424 1715 519 1779 itaut
540 1717 627 1780 nulla
645 1715 689 1777 sit
709 1703 790 1798 quae
812 1732 948 1787 ¹vocetur
967 1719 1121 1797 adultera,
1187 1799 1192 1814 Ι

112 1821 183 1886 ideo
215 1824 307 1904 quod
324 1840 439 1884 ‘ornnes
463 1819 525 1882 sint
554 1819 619 1882 eius
651 1832 818 1901 quaestus,
856 1832 887 1883 et
912 1826 1122 1898 concumbant

113 1947 182 1986 cum
203 1923 366 1999 omnibus,
392 1923 525 1986 maxime
548 1943 619 1986 cunr
642 1922 774 1986 exteris.
820 1925 933 2007 Neque
959 1923 1038 1989 ver'o
1063 1949 1121 1990 un·
1184 1908 1190 1923 ⁸

113 2040 233 2113 guntur
254 2027 397 2090 Gelonae
422 2025 586 2101 mulieres,
611 2045 713 2107 neque
739 2037 843 2088 vestes
863 2027 972 2090 ferunt
993 2028 1127 2106 tinctas,

110 2135 166 2194 sed
188 2142 260 2192 sunt
279 2129 413 2211 pedibus
439 2130 564 2190 nudae:
601 2149 672 2188 erun
691 2141 794 2190 tamen
817 2128 879 2191 viri
903 2130 963 2192 illis
985 2129 1016 2192 in
1039 2131 1120 2194 locis

101 2232 267 2298 'exornent
285 2253 318 2294 se
341 2231 532 2294 vestimentis
549 2230 687 2320 delicatis
707 2243 738 2292 ct
758 2231 989 2309 discoloribus,
1016 2241 1047 2295 et
1065 2257 1120 2298 au-

110 2359 181 2400 rum
201 2347 345 2421 gestent,
382 2346 416 2397 ct
439 2346 597 2418 ungantur
619 2355 682 2398 non
709 2356 750 2397 ex
772 2335 835 2401 ulla
857 2336 1011 2410 mollitie;
1045 2345 1118 2399 sunt

111 2441 194 2504 enim
214 2427 333 2514 fortes,
372 2439 521 2520 belloque
545 2449 576 2498 et
606 2437 770 2500 venatibus
801 2438 943 2501 exerciti.
1004 2442 1117 2523 Neque

107 2557 213 2606 tamen
236 2563 344 2604 omnes
367 2541 513 2603 mulieres
541 2539 685 2603 Gelonae
706 2541 846 2604 habuere
864 2542 925 2604 sibi
952 2544 1117 2606 Venerem
1184 2577 1190 2588 -

109 2647 254 2710 infestam
272 2645 303 2706 in
323 2643 515 2724 Capricorni
541 2655 592 2704 aut
617 2643 750 2725 Aquarii
774 2643 899 2720 sidere,
938 2653 1041 2730 neque
1057 2644 1119 2709 viri

109 2771 220 2814 omnes
240 2750 421 2820 habuerunt⁴
437 2769 508 2808 curu
523 2747 631 2808 Marte
651 2747 811 2811 Venerem
833 2746 864 2810 in
883 2748 1010 2824 Ariete,
1034 2751 1117 2812 unde
1139 2768 1144 2777 ·

110 2853 199 2916 viros
222 2851 323 2914 fortes
346 2850 455 2924 simul,
499 2861 530 2912 et
551 2869 569 2910 a
592 2848 709 2911 deliciis
732 2869 796 2912 non
819 2850 936 2915 alienos
961 2841 1131 2914 deducunt

99 2953 276 3020 ¹Chaldaei.
320 2954 419 3034 Apud
432 2951 617 3016 Bactrianos
639 2951 773 3016 femmae
796 2965 911 3014 ornatu
934 2953 989 3036 qui
1010 2955 1117 3037 splen-

107 3058 285 3121 didissimus
308 3068 339 3119 et
361 3055 446 3120 omni
467 3066 630 3141 unguento
653 3066 801 3130 utuntur,
826 3056 1004 3138 habentque
1021 3057 1113 3122 mini-

106 3155 205 3224 steria
240 3161 416 3242 puellarum
451 3169 482 3220 et
519 3158 766 3222 adolescentum·
785 3157 878 3238 plura
908 3181 1001 3241 quam
1032 3160 1113 3236 viri,

106 3252 350 3346 proceduntque
372 3273 481 3324 vectae
510 3260 597 3344 equis
634 3283 747 3345 magna
781 3281 850 3322 cum
885 3262 1113 3341 ostentatione,

107 3367 202 3431 etiam
230 3365 335 3450 equis.
350 3363 492 3448 ipsorum
521 3346 639 3428 ornatis
670 3364 768 3426 multo
799 3384 878 3454 auro
906 3377 937 3426 et
958 3365 1114 3446 lapidibus

105 3468 280 3553 pretiosis,
315 3487 415 3550 neque
438 3487 518 3530 vero
541 3479 644 3529 castae
674 3478 765 3542 sunt,
801 3468 857 3529 sed
877 3467 1058 3547 promiscue
1079 3491 1114 3534 se

107 3573 241 3657 vulgant
271 3571 364 3632 etiam
386 3569 486 3632 seruis
517 3581 548 3631 et
576 3571 755 3653 peregrinis
783 3569 907 3633 licentia
935 3570 1010 3652 ipsis
1025 3583 1112 3636 'eon-

107 3695 218 3749 cessa,
258 3675 341 3738 nulla
372 3695 442 3734 cum
464 3663 826 3756 quei-clamaritoramr,
864 3672 896 3737 in
919 3669 1000 3757 quos
1023 3675 1113 3758 quasi

106 3776 302 3842 dominatum
334 3787 495 3839 exercent.
555 3775 667 3856 Neque
689 3787 791 3838 tamen
819 3777 851 3838 in
875 3777 1027 3862 genitura¹
1042 3797 1110 3840 om-

107 3881 195 3944 nium
217 3879 381 3942 mulierum
402 3879 643 3942 Bactrianarrun-
669 3877 748 3942 caeli
777 3879 900 3942 culmen
926 3893 1013 3944 tenet
1042 3900 1113 3944 cum
1199 3925 1204 3936 ·

106 3985 191 4050 Iove
214 3971 251 4046 ac
272 3983 401 4058 Marte,
437 3993 468 4044 et
497 3980 622 4066 quidem
650 3977 732 4046 intra
762 4001 872 4044 eorum
900 3975 979 4046 fines
1008 3975 1113 4052 amaris

789 4086 829 4147 tlt
