2828 4792
1123 419 1162 482 19

147 571 309 650 raolinr,-
330 573 363 638 id
384 585 433 644 est
453 585 577 650 nature.
623 576 738 642 Ferme
761 579 842 644 enim
859 580 994 665 'qnippe
1025 587 1160 650 naturali

144 677 291 742 fabricae
312 688 344 740 et
365 677 565 760 dispositioni
593 693 822 747 consentaneos
852 684 959 749 videas
989 699 1077 752 actus
1107 689 1157 754 vi·

144 791 259 864 tasque
282 781 451 846 etexitus.
496 783 578 844 Num
600 793 632 846 et
661 784 690 849 ei
718 784 772 868 qui
785 798 905 854 'natma
928 789 968 854 sit
998 791 1157 856 violentus

144 894 177 946 et
204 883 421 965 periculorum
453 907 576 961 amans,
615 889 698 958 solet
731 901 762 952 et
791 912 877 955 mors
906 913 990 956 esse·
1005 895 1157 958 violenta.

145 987 223 1052 Hoc
245 987 327 1052 enim
349 1000 480 1052 naturae
501 990 599 1052 satum
622 1002 682 1056 est.
742 993 795 1058 Sic
824 994 870 1071 ei,
910 997 964 1079 qui
985 1009 1096 1062 natura
1118 999 1160 1064 sit

144 1088 382 1172 intemperans,
430 1092 525 1156 fatale
560 1113 619 1173 per
657 1116 710 1158 eas
743 1118 821 1179 quas
858 1110 940 1162 amat
977 1102 1158 1184 voluptates

145 1193 311 1270 enervari,
355 1195 415 1260 nisi
447 1195 557 1259 melius
591 1196 737 1280 quiddam
776 1201 1002 1292 superveniens
1036 1225 1107 1268 eum
1139 1227 1159 1270 a
1229 1201 1239 1216 ’

144 1296 281 1376 patrnali
309 1309 393 1364 statu
420 1298 604 1364 transforat.
645 1300 799 1364 Patientis
817 1323 897 1370 vero
919 1303 1037 1389 ingenii
1058 1308 1186 1372 fatum·
1218 1353 1224 1360 x

145 1413 195 1468 est
225 1403 323 1466 duros
351 1402 479 1467 labores
513 1413 545 1466 et
577 1405 710 1468 advorsa
741 1405 828 1470 serre
862 1417 894 1470 et
923 1407 955 1470 in
984 1407 1032 1472 his
1061 1410 1159 1474 vitam

143 1504 249 1570 finire.
269 1505 397 1570 Avaris
420 1527 501 1570 vero
523 1515 555 1570 et
577 1506 662 1572 circa
683 1509 918 1591 possessionem
939 1533 1050 1604 rerum
1074 1513 1157 1578 insa-

143 1607 305 1672 tiabilibus
326 1609 550 1686 {atatis-sunt,
590 1629 675 1694 qnae.
701 1611 816 1676 talibus
839 1613 1158 1682 moribusconveni·

144 1722 221 1776 unt:
260 1711 448 1796 ptsrnmque
483 1712 564 1778 enim
593 1713 626 1778 in
655 1714 831 1786 actionibus
853 1715 975 1780 iniustis
1005 1718 1159 1788 eiusmodi
1193 1787 1196 1791 A

144 1814 310 1879 hominnm
331 1815 396 1882 vita
421 1829 585 1893 versatim,
610 1818 756 1901 soletque
782 1817 866 1882 vitae
894 1819 964 1884 finis
991 1821 1037 1886 eis
1066 1843 1157 1900 esse,

146 1919 251 2000 qualis
274 1918 395 1984 iniustis
422 1920 583 1984 convenit.
630 1921 722 1984 Unde
744 1933 776 1984 et
798 1922 861 1986 dici
882 1926 922 1990 de
939 1925 1054 1994 talibus
1077 1927 1160 1995 solet

144 2022 202 2086 nbi
227 2022 260 2088 in
279 2045 316 2088 en
339 2022 501 2098 cecidere,
527 2045 608 2106 quoe
630 2023 714 2086 vitae
741 2025 796 2088 teti
817 2029 1032 2108 respondent,
1057 2029 1159 2095 idest
1274 2083 1283 2101 ,

145 2123 177 2191 in
194 2126 305 2192 fatalia
327 2127 430 2202 malr,
469 2124 558 2207 ipsos
579 2125 654 2190 illos
674 2125 736 2190 sibi
756 2127 864 2213 talium
882 2131 1038 2196 malorum
1059 2133 1158 2196 fuisso

146 2251 270 2295 meses.
318 2230 370 2295 Sic
390 2240 563 2311 propteroa
585 2227 703 2312 siquis
730 2241 880 2296 excutere
902 2232 978 2298 velit
1000 2255 1078 2326 eos,
1101 2236 1158 2318 ‘qni

144 2331 370 2400 imminentium
386 2331 635 2414 praedictionem
648 2331 851 2413 pollicentur,
876 2337 914 2400 de
930 2354 970 2400 eo
990 2340 1078 2421 quod
1093 2359 1158 2404 non

145 2451 273 2518 semper
290 2435 374 2502 diota
394 2437 511 2517 probat
533 2447 684 2510 eventus,
709 2457 834 2502 cansam
856 2438 932 2504 dicit
959 2461 1045 2518 esse,
1072 2445 1167 2524 qnod

144 2560 211 2606 non
230 2539 337 2606 omnia
353 2542 526 2604 secundnm
544 2551 687 2602 naturam
705 2551 736 2605 nt
755 2540 855 2628 tetum
869 2543 1026 2625 nubisque
1040 2567 1159 2626 prooe-

145 2645 241 2720 dunt,
276 2645 341 2706 sed·
355 2645 508 2726 quaedam
531 2642 624 2708 etiarn
645 2655 774 2724 praeter
799 2643 860 2708 ista
881 2644 1047 2724 eveninnn
1090 2669 1158 2713 esse

145 2758 330 2812 verovotes
341 2758 377 2809 nt
389 2757 421 2808 ct
432 2767 489 2810 eos
507 2745 562 2829 qni
580 2768 621 2809 ex
642 2767 817 2828 corporum
837 2759 968 2830 aspectu
979 2751 1018 2814 de
1032 2751 1159 2816 bomine

144 2849 295 2925 iudicans,
309 2849 542 2934 significator-es
558 2871 669 2914 eorum
683 2853 855 2934 quaeFrto
868 2852 959 2916 frunt.
983 2854 1073 2920 Inter
1086 2853 1159 2918 illos

145 2953 359 3035 escorpmis
378 2963 514 3034 aspectu
536 2953 709 3016 divinantes
735 2953 794 3016 fnit
812 2955 986 3036 Zopyrus,
1010 2956 1065 3040 qui
1088 2980 1159 3023 cunr

147 3069 279 3140 aperto
308 3056 442 3122 socrate
462 3055 563 3120 multe
582 3057 621 3120 de
651 3077 691 3121 eo
715 3055 844 3120 diceret·
861 3057 1050 3136 inhonesta,
1089 3072 1160 3150 eta
1222 3081 1227 3090 ·

147 3159 324 3228 vitaretur
352 3159 496 3225 instituto
529 3156 737 3235 alienissimo,
774 3169 806 3222 st
827 3161 871 3224 ob
892 3161 925 3224 id
948 3163 987 3225 ab
1010 3165 1159 3248 adstanti·

145 3266 208 3332 ben
229 3261 393 3344 discipulis
417 3261 559 3327 Socratis
581 3261 789 3338 mrideretnn
817 3264 965 3328 Socrates
980 3263 1057 3329 nihil
1073 3287 1160 3328 men·
1265 3303 1275 3324 .

145 3367 241 3432 ritum
257 3387 342 3434 esse
372 3364 452 3432 dixit
481 3365 670 3446 Zopyrnm
713 3360 785 3430 nem
813 3386 847 3428 se
875 3379 987 3434 natura
1016 3367 1159 3436 futurum

146 3471 249 3540 fuisse
264 3470 378 3545 tolon,
401 3467 462 3534 nisi
478 3478 612 3535 returns
635 3467 744 3534 vitium
767 3468 936 3550 sapientiae
958 3469 1063 3533 studio
1085 3491 1158 3536 cor·

147 3576 297 3644 rexisset,
321 3574 365 3637 Et
386 3573 465 3636 baec
483 3569 612 3654 quidem
634 3571 665 3634 in
686 3593 807 3636 summe
836 3572 971 3639 Scholse
992 3573 1159 3656 Peripate·

147 3678 230 3745 tione
256 3679 294 3741 de
316 3674 399 3740 Fato
421 3673 573 3741 sententis
595 3686 669 3738 est.⁴

614 3777 697 3840 VII.

214 3881 372 3964 Apertior
400 3893 504 3944 autern
532 3880 593 3956 orit
625 3879 686 3942 iam
715 3879 872 3944 dictorum
901 3881 996 3956 fides,
1031 3881 1058 3944 si
1085 3893 1160 3963 post

150 4009 264 4053 eorum
287 4006 367 4068 qnae
392 3983 584 4048 defendimus
606 3982 827 4064 probationem
855 3985 1079 4068 subiungamns
1103 3987 1159 4051 ab,
