<?xml version="1.0" encoding="UTF-8"?>
<!DOCTYPE html PUBLIC "-//W3C//DTD XHTML 1.0 Transitional//EN"
    "http://www.w3.org/TR/xhtml1/DTD/xhtml1-transitional.dtd">
<html xmlns="http://www.w3.org/1999/xhtml" xml:lang="en" lang="en">
 <head>
  <title>
</title>
<meta http-equiv="Content-Type" content="text/html;charset=utf-8" />
  <meta name='ocr-system' content='tesseract 3.04.00' />
  <meta name='ocr-capabilities' content='ocr_page ocr_carea ocr_par ocr_line ocrx_word'/>
</head>
<body>
  <div class='ocr_page' id='page_1' title='image "./alexandriaphrod01bardgoog_0129.png"; bbox 0 0 2782 4790; ppageno 0'>
   <div class='ocr_carea' id='block_1_1' title="bbox 199 352 387 476">
    <p class='ocr_par' dir='ltr' id='par_1_1' title="bbox 199 352 387 476">
     <span class='ocr_line' id='line_1_1' title="bbox 199 352 387 476; baseline -0.059 -15"><span class='ocrx_word' id='word_1_1' title='bbox 199 352 387 476; x_wconf 66' lang='grc' dir='ltr'><strong><em>,με</em></strong></span> 
     </span>
    </p>
   </div>
   <div class='ocr_carea' id='block_1_2' title="bbox 689 453 692 480">
    <p class='ocr_par' dir='ltr' id='par_1_2' title="bbox 689 453 692 480">
     <span class='ocr_line' id='line_1_2' title="bbox 689 453 692 480; baseline 0 0"><span class='ocrx_word' id='word_1_2' title='bbox 689 453 692 480; x_wconf 81' lang='grc'><strong><em>1</em></strong></span> 
     </span>
    </p>
   </div>
   <div class='ocr_carea' id='block_1_3' title="bbox 172 551 1357 4044">
    <p class='ocr_par' dir='ltr' id='par_1_3' title="bbox 172 551 1357 4044">
     <span class='ocr_line' id='line_1_3' title="bbox 269 551 1282 649; baseline -0.002 -23"><span class='ocrx_word' id='word_1_3' title='bbox 269 556 341 628; x_wconf 84' lang='grc' dir='ltr'><strong><em>ῦῖόν</em></strong></span> <span class='ocrx_word' id='word_1_4' title='bbox 362 585 395 628; x_wconf 86' lang='grc' dir='ltr'><strong><em>τι</em></strong></span> <span class='ocrx_word' id='word_1_5' title='bbox 418 554 475 625; x_wconf 88' lang='grc' dir='ltr'><strong><em>τὸν</em></strong></span> <span class='ocrx_word' id='word_1_6' title='bbox 495 554 577 624; x_wconf 85' lang='grc' dir='ltr'><strong><em>καθ’</em></strong></span> <span class='ocrx_word' id='word_1_7' title='bbox 602 551 706 649; x_wconf 80' lang='grc' dir='ltr'><strong><em>ὁρμὴν</em></strong></span> <span class='ocrx_word' id='word_1_8' title='bbox 728 561 768 637; x_wconf 86' lang='lat'><strong><em>¹¹)</em></strong></span> <span class='ocrx_word' id='word_1_9' title='bbox 796 557 987 644; x_wconf 77' lang='grc' dir='ltr'><strong><em>ἐνεργοῦντα</em></strong></span> <span class='ocrx_word' id='word_1_10' title='bbox 1009 554 1054 646; x_wconf 81' lang='grc' dir='ltr'><strong><em>μὴ</em></strong></span> <span class='ocrx_word' id='word_1_11' title='bbox 1077 553 1282 624; x_wconf 78' lang='grc' dir='ltr'><strong><em>ἀκολουθεῖν</em></strong></span> 
     </span>
     <span class='ocr_line' id='line_1_4' title="bbox 268 653 1283 741; baseline -0.002 -12"><span class='ocrx_word' id='word_1_12' title='bbox 268 659 399 740; x_wconf 80' lang='grc' dir='ltr'><strong><em>τούτοις</em></strong></span> <span class='ocrx_word' id='word_1_13' title='bbox 436 666 506 739; x_wconf 90' lang='grc' dir='ltr'><strong><em>τοῖς</em></strong></span> <span class='ocrx_word' id='word_1_14' title='bbox 537 653 674 741; x_wconf 88' lang='grc' dir='ltr'><strong><em>ἀιτίοις,</em></strong></span> <span class='ocrx_word' id='word_1_15' title='bbox 717 656 778 726; x_wconf 80' lang='grc' dir='ltr'><strong><em>καῖ</em></strong></span> <span class='ocrx_word' id='word_1_16' title='bbox 801 659 860 741; x_wconf 84' lang='grc' dir='ltr'><strong><em>τὴν</em></strong></span> <span class='ocrx_word' id='word_1_17' title='bbox 889 656 1000 728; x_wconf 79' lang='grc' dir='ltr'><strong><em>ἀντίαν</em></strong></span> <span class='ocrx_word' id='word_1_18' title='bbox 1028 657 1088 741; x_wconf 79' lang='grc' dir='ltr'><strong><em>τὴν</em></strong></span> <span class='ocrx_word' id='word_1_19' title='bbox 1115 660 1148 740; x_wconf 79' lang='grc' dir='ltr'><strong><em>ἐξ</em></strong></span> <span class='ocrx_word' id='word_1_20' title='bbox 1176 655 1283 727; x_wconf 82' lang='grc' dir='ltr'><strong><em>ἀστοῦ</em></strong></span> 
     </span>
     <span class='ocr_line' id='line_1_5' title="bbox 266 755 1289 846; baseline -0.006 -12"><span class='ocrx_word' id='word_1_21' title='bbox 266 762 397 844; x_wconf 81' lang='grc' dir='ltr'><strong><em>πάντας</em></strong></span> <span class='ocrx_word' id='word_1_22' title='bbox 423 764 555 842; x_wconf 83' lang='grc' dir='ltr'><strong><em>ἐκείνοις</em></strong></span> <span class='ocrx_word' id='word_1_23' title='bbox 583 758 758 830; x_wconf 79' lang='grc' dir='ltr'><strong><em>συνάπτειν</em></strong></span> <span class='ocrx_word' id='word_1_24' title='bbox 784 761 850 843; x_wconf 58' lang='lat'><strong><em>3²),</em></strong></span> <span class='ocrx_word' id='word_1_25' title='bbox 886 756 929 842; x_wconf 81' lang='grc' dir='ltr'><strong><em>ῦς</em></strong></span> <span class='ocrx_word' id='word_1_26' title='bbox 957 787 992 830; x_wconf 90' lang='grc' dir='ltr'><strong><em>τε</em></strong></span> <span class='ocrx_word' id='word_1_27' title='bbox 1021 759 1097 830; x_wconf 78' lang='grc' dir='ltr'><strong><em>οῦδὲ</em></strong></span> <span class='ocrx_word' id='word_1_28' title='bbox 1126 757 1184 830; x_wconf 91' lang='grc' dir='ltr'><strong><em>τὸν</em></strong></span> <span class='ocrx_word' id='word_1_29' title='bbox 1213 755 1289 846; x_wconf 80' lang='grc' dir='ltr'><strong><em>ἀπῦ</em></strong></span> 
     </span>
     <span class='ocr_line' id='line_1_6' title="bbox 265 859 1282 962; baseline -0.005 -26"><span class='ocrx_word' id='word_1_30' title='bbox 265 861 376 962; x_wconf 77' lang='grc' dir='ltr'><strong><em>ῦψους</em></strong></span> <span class='ocrx_word' id='word_1_31' title='bbox 396 864 525 958; x_wconf 78' lang='grc' dir='ltr'><strong><em>ἀφέντα</em></strong></span> <span class='ocrx_word' id='word_1_32' title='bbox 547 867 650 933; x_wconf 89' lang='grc' dir='ltr'><strong><em>λίθον</em></strong></span> <span class='ocrx_word' id='word_1_33' title='bbox 670 863 716 953; x_wconf 82' lang='grc' dir='ltr'><strong><em>μὴ</em></strong></span> <span class='ocrx_word' id='word_1_34' title='bbox 738 859 827 931; x_wconf 83' lang='grc' dir='ltr'><strong><em>κοίτω</em></strong></span> <span class='ocrx_word' id='word_1_35' title='bbox 850 869 1038 958; x_wconf 74' lang='grc' dir='ltr'><strong><em>φέρεσθαι,</em></strong></span> <span class='ocrx_word' id='word_1_36' title='bbox 1061 861 1083 947; x_wconf 82' lang='grc' dir='ltr'><em>ἢ</em></span> <span class='ocrx_word' id='word_1_37' title='bbox 1103 862 1163 947; x_wconf 80' lang='grc' dir='ltr'><strong><em>τὴν</em></strong></span> <span class='ocrx_word' id='word_1_38' title='bbox 1177 869 1282 958; x_wconf 76' lang='grc' dir='ltr'><strong><em>σφαῖ-</em></strong></span> 
     </span>
     <span class='ocr_line' id='line_1_7' title="bbox 266 963 1280 1062; baseline -0.002 -24"><span class='ocrx_word' id='word_1_39' title='bbox 266 995 330 1062; x_wconf 92' lang='grc' dir='ltr'><strong><em>ραν</em></strong></span> <span class='ocrx_word' id='word_1_40' title='bbox 356 967 443 1037; x_wconf 82' lang='grc' dir='ltr'><strong><em>κατὰ</em></strong></span> <span class='ocrx_word' id='word_1_41' title='bbox 470 969 529 1037; x_wconf 92' lang='grc' dir='ltr'><strong><em>τοῦ</em></strong></span> <span class='ocrx_word' id='word_1_42' title='bbox 556 971 701 1058; x_wconf 89' lang='grc' dir='ltr'><strong><em>πρανοῦς</em></strong></span> <span class='ocrx_word' id='word_1_43' title='bbox 733 965 778 1055; x_wconf 83' lang='grc' dir='ltr'><strong><em>μὴ</em></strong></span> <span class='ocrx_word' id='word_1_44' title='bbox 807 969 987 1035; x_wconf 88' lang='grc' dir='ltr'><strong><em>κυλίεσθαι</em></strong></span> <span class='ocrx_word' id='word_1_45' title='bbox 1015 971 1058 1050; x_wconf 73' lang='lat'><strong><em>1³)</em></strong></span> <span class='ocrx_word' id='word_1_46' title='bbox 1086 963 1280 1061; x_wconf 82' lang='grc' dir='ltr'><strong><em>ἀφεθεῖσαν</em></strong></span> 
     </span>
     <span class='ocr_line' id='line_1_8' title="bbox 222 1064 1281 1163; baseline -0.002 -23"><span class='ocrx_word' id='word_1_47' title='bbox 222 1075 228 1086; x_wconf 87' lang='grc'>’</span> <span class='ocrx_word' id='word_1_48' title='bbox 265 1069 335 1141; x_wconf 79' lang='grc' dir='ltr'><strong><em>κατ’</em></strong></span> <span class='ocrx_word' id='word_1_49' title='bbox 360 1069 479 1154; x_wconf 91' lang='grc' dir='ltr'><strong><em>ἀντοῦ,</em></strong></span> <span class='ocrx_word' id='word_1_50' title='bbox 501 1073 551 1150; x_wconf 91' lang='grc' dir='ltr'><strong><em>τίς</em></strong></span> <span class='ocrx_word' id='word_1_51' title='bbox 572 1072 619 1138; x_wconf 81' lang='grc' dir='ltr'><strong><em>ἔτι</em></strong></span> <span class='ocrx_word' id='word_1_52' title='bbox 638 1071 733 1163; x_wconf 80' lang='grc' dir='ltr'><strong><em>χρεία</em></strong></span> <span class='ocrx_word' id='word_1_53' title='bbox 754 1064 884 1158; x_wconf 72' lang='grc' dir='ltr'><strong><em>νόμους</em></strong></span> <span class='ocrx_word' id='word_1_54' title='bbox 906 1066 949 1149; x_wconf 88' lang='grc' dir='ltr'><strong><em>ὡς</em></strong></span> <span class='ocrx_word' id='word_1_55' title='bbox 970 1067 1034 1162; x_wconf 85' lang='grc' dir='ltr'><strong><em>γάρ</em></strong></span> <span class='ocrx_word' id='word_1_56' title='bbox 1057 1065 1076 1136; x_wconf 86' lang='grc' dir='ltr'>ὁ</span> <span class='ocrx_word' id='word_1_57' title='bbox 1098 1072 1200 1159; x_wconf 84' lang='grc' dir='ltr'><strong><em>λίθος</em></strong></span> <span class='ocrx_word' id='word_1_58' title='bbox 1219 1068 1281 1138; x_wconf 88' lang='grc' dir='ltr'><strong><em>οῦκ</em></strong></span> 
     </span>
     <span class='ocr_line' id='line_1_9' title="bbox 264 1169 1281 1267; baseline -0.003 -23"><span class='ocrx_word' id='word_1_59' title='bbox 264 1171 390 1244; x_wconf 83' lang='grc' dir='ltr'><strong><em>ἀν’ῦπὸ</em></strong></span> <span class='ocrx_word' id='word_1_60' title='bbox 412 1177 471 1243; x_wconf 92' lang='grc' dir='ltr'><strong><em>τοῦ</em></strong></span> <span class='ocrx_word' id='word_1_61' title='bbox 492 1178 645 1261; x_wconf 80' lang='grc' dir='ltr'><strong><em>λέγοντος</em></strong></span> <span class='ocrx_word' id='word_1_62' title='bbox 665 1170 711 1262; x_wconf 80' lang='grc' dir='ltr'><strong><em>μὴ</em></strong></span> <span class='ocrx_word' id='word_1_63' title='bbox 733 1176 800 1240; x_wconf 79' lang='grc' dir='ltr'><strong><em>δεῖν</em></strong></span> <span class='ocrx_word' id='word_1_64' title='bbox 820 1169 909 1240; x_wconf 83' lang='grc' dir='ltr'><strong><em>κάτω</em></strong></span> <span class='ocrx_word' id='word_1_65' title='bbox 925 1178 1097 1267; x_wconf 73' lang='grc' dir='ltr'><strong><em>φέρεσθαι</em></strong></span> <span class='ocrx_word' id='word_1_66' title='bbox 1111 1175 1281 1256; x_wconf 75' lang='grc' dir='ltr'><strong><em>κωλυθείη</em></strong></span> 
     </span>
     <span class='ocr_line' id='line_1_10' title="bbox 264 1270 1281 1371; baseline -0.001 -25"><span class='ocrx_word' id='word_1_67' title='bbox 264 1274 334 1346; x_wconf 76' lang='grc' dir='ltr'><strong><em>ποτ’</em></strong></span> <span class='ocrx_word' id='word_1_68' title='bbox 359 1273 409 1361; x_wconf 85' lang='grc' dir='ltr'><strong><em>ἀν,</em></strong></span> <span class='ocrx_word' id='word_1_69' title='bbox 433 1277 479 1371; x_wconf 74' lang='grc' dir='ltr'><strong><em>τῷ</em></strong></span> <span class='ocrx_word' id='word_1_70' title='bbox 501 1272 602 1356; x_wconf 82' lang='grc' dir='ltr'><strong><em>ἀντός</em></strong></span> <span class='ocrx_word' id='word_1_71' title='bbox 624 1302 657 1343; x_wconf 90' lang='grc' dir='ltr'><strong><em>τε</em></strong></span> <span class='ocrx_word' id='word_1_72' title='bbox 679 1274 738 1358; x_wconf 80' lang='grc' dir='ltr'><strong><em>την</em></strong></span> <span class='ocrx_word' id='word_1_73' title='bbox 760 1270 862 1369; x_wconf 82' lang='grc' dir='ltr'><strong><em>φῦσιν</em></strong></span> <span class='ocrx_word' id='word_1_74' title='bbox 883 1277 966 1344; x_wconf 80' lang='grc' dir='ltr'><strong><em>ε’ῖναι</em></strong></span> <span class='ocrx_word' id='word_1_75' title='bbox 987 1278 1138 1354; x_wconf 88' lang='grc' dir='ltr'><strong><em>τοιοῦτος</em></strong></span> <span class='ocrx_word' id='word_1_76' title='bbox 1149 1327 1168 1369; x_wconf 74' lang='lat'><strong><em>⁹.</em></strong></span> <span class='ocrx_word' id='word_1_77' title='bbox 1180 1272 1225 1343; x_wconf 91' lang='grc' dir='ltr'><strong><em>τά</em></strong></span> <span class='ocrx_word' id='word_1_78' title='bbox 1246 1302 1281 1345; x_wconf 86' lang='grc' dir='ltr'><strong><em>τε</em></strong></span> 
     </span>
     <span class='ocr_line' id='line_1_11' title="bbox 263 1374 1280 1470; baseline -0.004 -20"><span class='ocrx_word' id='word_1_79' title='bbox 263 1382 387 1464; x_wconf 78' lang='grc' dir='ltr'><strong><em>ἔξωθεν</em></strong></span> <span class='ocrx_word' id='word_1_80' title='bbox 409 1377 502 1449; x_wconf 89' lang='grc' dir='ltr'><strong><em>ἀίτια</em></strong></span> <span class='ocrx_word' id='word_1_81' title='bbox 523 1380 605 1468; x_wconf 81' lang='grc' dir='ltr'><strong><em>ἔχειν</em></strong></span> <span class='ocrx_word' id='word_1_82' title='bbox 632 1374 775 1470; x_wconf 86' lang='grc' dir='ltr'><strong><em>σῦνεργα</em></strong></span> <span class='ocrx_word' id='word_1_83' title='bbox 802 1375 885 1470; x_wconf 84' lang='grc' dir='ltr'><strong><em>πρὸς</em></strong></span> <span class='ocrx_word' id='word_1_84' title='bbox 911 1381 1010 1460; x_wconf 84' lang='grc' dir='ltr'><strong><em>τοῦτο</em></strong></span> <span class='ocrx_word' id='word_1_85' title='bbox 1022 1431 1032 1462; x_wconf 87' lang='grc'><strong><em>,</em></strong></span> <span class='ocrx_word' id='word_1_86' title='bbox 1068 1374 1172 1458; x_wconf 80' lang='grc' dir='ltr'><strong><em>ὄντας</em></strong></span> <span class='ocrx_word' id='word_1_87' title='bbox 1200 1376 1280 1447; x_wconf 81' lang='grc' dir='ltr'><strong><em>οῦδὲ</em></strong></span> 
     </span>
     <span class='ocr_line' id='line_1_12' title="bbox 262 1477 1281 1574; baseline -0.002 -22"><span class='ocrx_word' id='word_1_88' title='bbox 262 1481 353 1574; x_wconf 77' lang='grc' dir='ltr'><strong><em>ἡμῶν</em></strong></span> <span class='ocrx_word' id='word_1_89' title='bbox 374 1508 425 1561; x_wconf 86' lang='grc' dir='ltr'><strong><em>τις</em></strong></span> <span class='ocrx_word' id='word_1_90' title='bbox 445 1482 601 1563; x_wconf 78' lang='grc' dir='ltr'><strong><em>πεισθείη</em></strong></span> <span class='ocrx_word' id='word_1_91' title='bbox 622 1478 692 1548; x_wconf 72' lang='grc' dir='ltr'><strong><em>ποτ’</em></strong></span> <span class='ocrx_word' id='word_1_92' title='bbox 717 1478 759 1548; x_wconf 81' lang='grc' dir='ltr'><strong><em>ἀν</em></strong></span> <span class='ocrx_word' id='word_1_93' title='bbox 787 1477 874 1574; x_wconf 82' lang='grc' dir='ltr'><strong><em>λόγῳ</em></strong></span> <span class='ocrx_word' id='word_1_94' title='bbox 889 1478 924 1570; x_wconf 65' lang='lat'><strong><em>2²³)</em></strong></span> <span class='ocrx_word' id='word_1_95' title='bbox 952 1477 1041 1574; x_wconf 82' lang='grc' dir='ltr'><strong><em>νόμῳ</em></strong></span> <span class='ocrx_word' id='word_1_96' title='bbox 1071 1479 1179 1561; x_wconf 81' lang='grc' dir='ltr'><strong><em>ἄλλοις</em></strong></span> <span class='ocrx_word' id='word_1_97' title='bbox 1207 1477 1281 1565; x_wconf 78' lang='grc' dir='ltr'><strong><em>ἀξι-</em></strong></span> 
     </span>
     <span class='ocr_line' id='line_1_13' title="bbox 264 1580 1357 1679; baseline -0.002 -23"><span class='ocrx_word' id='word_1_98' title='bbox 264 1589 354 1656; x_wconf 91' lang='grc' dir='ltr'><strong><em>οῦντι</em></strong></span> <span class='ocrx_word' id='word_1_99' title='bbox 375 1581 546 1677; x_wconf 83' lang='grc' dir='ltr'><strong><em>πράττειν,</em></strong></span> <span class='ocrx_word' id='word_1_100' title='bbox 580 1580 676 1675; x_wconf 89' lang='grc' dir='ltr'><strong><em>παρά</em></strong></span> <span class='ocrx_word' id='word_1_101' title='bbox 695 1580 754 1666; x_wconf 83' lang='grc' dir='ltr'><strong><em>τὴν</em></strong></span> <span class='ocrx_word' id='word_1_102' title='bbox 780 1586 844 1652; x_wconf 81' lang='grc' dir='ltr'><strong><em>τῶν</em></strong></span> <span class='ocrx_word' id='word_1_103' title='bbox 871 1582 1092 1675; x_wconf 81' lang='grc' dir='ltr'><strong><em>περιεστώτων</em></strong></span> <span class='ocrx_word' id='word_1_104' title='bbox 1120 1581 1281 1672; x_wconf 87' lang='grc' dir='ltr'><strong><em>ἀνάγκην.</em></strong></span> <span class='ocrx_word' id='word_1_105' title='bbox 1354 1673 1357 1679; x_wconf 25' lang='lat'>¹</span> 
     </span>
     <span class='ocr_line' id='line_1_14' title="bbox 266 1682 1279 1782; baseline -0.002 -24"><span class='ocrx_word' id='word_1_106' title='bbox 266 1686 313 1758; x_wconf 84' lang='grc' dir='ltr'><strong><em>Οά</em></strong></span> <span class='ocrx_word' id='word_1_107' title='bbox 334 1685 399 1781; x_wconf 82' lang='grc' dir='ltr'><strong><em>γάρ</em></strong></span> <span class='ocrx_word' id='word_1_108' title='bbox 421 1691 518 1756; x_wconf 80' lang='grc' dir='ltr'><strong><em>πλέον</em></strong></span> <span class='ocrx_word' id='word_1_109' title='bbox 540 1713 574 1757; x_wconf 94' lang='grc' dir='ltr'><strong><em>τι</em></strong></span> <span class='ocrx_word' id='word_1_110' title='bbox 594 1682 671 1776; x_wconf 79' lang='grc' dir='ltr'><strong><em>ἡμῖν</em></strong></span> <span class='ocrx_word' id='word_1_111' title='bbox 693 1688 728 1754; x_wconf 74' lang='grc' dir='ltr'><strong><em>ἐκ</em></strong></span> <span class='ocrx_word' id='word_1_112' title='bbox 753 1689 814 1754; x_wconf 91' lang='grc' dir='ltr'><strong><em>τοῦ</em></strong></span> <span class='ocrx_word' id='word_1_113' title='bbox 842 1690 987 1756; x_wconf 87' lang='grc' dir='ltr'><strong><em>συνιέναι</em></strong></span> <span class='ocrx_word' id='word_1_114' title='bbox 1018 1690 1082 1757; x_wconf 81' lang='grc' dir='ltr'><strong><em>τῶν</em></strong></span> <span class='ocrx_word' id='word_1_115' title='bbox 1111 1699 1279 1782; x_wconf 67' lang='grc' dir='ltr'><strong><em>ιιροςτμσἸ</em></strong></span> 
     </span>
     <span class='ocr_line' id='line_1_15' title="bbox 262 1786 1280 1883; baseline 0.001 -24"><span class='ocrx_word' id='word_1_116' title='bbox 262 1796 406 1881; x_wconf 87' lang='grc' dir='ltr'><strong><em>σομένων</em></strong></span> <span class='ocrx_word' id='word_1_117' title='bbox 433 1786 497 1857; x_wconf 74' lang='grc' dir='ltr'><strong><em>ἀπὸ</em></strong></span> <span class='ocrx_word' id='word_1_118' title='bbox 526 1791 591 1858; x_wconf 86' lang='grc' dir='ltr'><strong><em>τῦν</em></strong></span> <span class='ocrx_word' id='word_1_119' title='bbox 621 1786 747 1878; x_wconf 86' lang='grc' dir='ltr'><strong><em>νόμων,</em></strong></span> <span class='ocrx_word' id='word_1_120' title='bbox 782 1790 893 1879; x_wconf 82' lang='grc' dir='ltr'><strong><em>ἔχουσι</em></strong></span> <span class='ocrx_word' id='word_1_121' title='bbox 921 1795 1280 1883; x_wconf 76' lang='grc' dir='ltr'><strong><em>προκαταβεβλημένας</em></strong></span> 
     </span>
     <span class='ocr_line' id='line_1_16' title="bbox 261 1889 1278 1986; baseline 0.002 -26"><span class='ocrx_word' id='word_1_122' title='bbox 261 1891 391 1976; x_wconf 88' lang='grc' dir='ltr'><strong><em>ἀιτίας,</em></strong></span> <span class='ocrx_word' id='word_1_123' title='bbox 412 1889 466 1972; x_wconf 88' lang='grc' dir='ltr'><strong><em>ἀῖς</em></strong></span> <span class='ocrx_word' id='word_1_124' title='bbox 486 1889 721 1986; x_wconf 85' lang='grc' dir='ltr'><strong><em>περιεστώσαις</em></strong></span> <span class='ocrx_word' id='word_1_125' title='bbox 742 1889 943 1961; x_wconf 74' lang='grc' dir='ltr'><strong><em>ἀκολουθεῖν</em></strong></span> <span class='ocrx_word' id='word_1_126' title='bbox 966 1918 1024 1976; x_wconf 92' lang='grc' dir='ltr'><strong><em>την</em></strong></span> <span class='ocrx_word' id='word_1_127' title='bbox 1046 1920 1151 1986; x_wconf 87' lang='grc' dir='ltr'><strong><em>ορμην</em></strong></span> <span class='ocrx_word' id='word_1_128' title='bbox 1172 1921 1278 1984; x_wconf 86' lang='grc' dir='ltr'><strong><em>αναγ-</em></strong></span> 
     </span>
     <span class='ocr_line' id='line_1_17' title="bbox 172 1991 1276 2093; baseline -0.004 -26"><span class='ocrx_word' id='word_1_129' title='bbox 172 2088 175 2093; x_wconf 21' lang='lat'>¹</span> <span class='ocrx_word' id='word_1_130' title='bbox 259 2022 309 2079; x_wconf 92' lang='grc' dir='ltr'><strong><em>κη.</em></strong></span> <span class='ocrx_word' id='word_1_131' title='bbox 348 1992 458 2065; x_wconf 70' lang='grc' dir='ltr'><strong><em>Ὀῦτω</em></strong></span> <span class='ocrx_word' id='word_1_132' title='bbox 488 1999 524 2063; x_wconf 79' lang='grc' dir='ltr'><strong><em>δέ</em></strong></span> <span class='ocrx_word' id='word_1_133' title='bbox 552 1991 711 2087; x_wconf 72' lang='grc' dir='ltr'><strong><em>ἀναιροῖῖ</em></strong></span> <span class='ocrx_word' id='word_1_134' title='bbox 742 1992 784 2063; x_wconf 87' lang='grc' dir='ltr'><strong><em>ἀν</em></strong></span> <span class='ocrx_word' id='word_1_135' title='bbox 805 1993 844 2061; x_wconf 88' lang='grc' dir='ltr'><strong><em>τὸ</em></strong></span> <span class='ocrx_word' id='word_1_136' title='bbox 867 1997 902 2062; x_wconf 78' lang='grc' dir='ltr'><strong><em>ἐκ</em></strong></span> <span class='ocrx_word' id='word_1_137' title='bbox 930 1997 994 2064; x_wconf 81' lang='grc' dir='ltr'><strong><em>τῶν</em></strong></span> <span class='ocrx_word' id='word_1_138' title='bbox 1021 1992 1130 2085; x_wconf 81' lang='grc' dir='ltr'><strong><em>νόμον</em></strong></span> <span class='ocrx_word' id='word_1_139' title='bbox 1155 1994 1276 2090; x_wconf 76' lang='grc' dir='ltr'><strong><em>χρησι-</em></strong></span> 
     </span>
     <span class='ocr_line' id='line_1_18' title="bbox 258 2095 1277 2190; baseline 0.004 -24"><span class='ocrx_word' id='word_1_140' title='bbox 258 2124 338 2187; x_wconf 92' lang='grc' dir='ltr'><strong><em>μον,</em></strong></span> <span class='ocrx_word' id='word_1_141' title='bbox 361 2099 423 2186; x_wconf 78' lang='grc' dir='ltr'><strong><em>ε’ίγε</em></strong></span> <span class='ocrx_word' id='word_1_142' title='bbox 445 2103 477 2166; x_wconf 85' lang='grc' dir='ltr'><strong><em>οῖ</em></strong></span> <span class='ocrx_word' id='word_1_143' title='bbox 497 2107 558 2189; x_wconf 79' lang='grc' dir='ltr'><strong><em>μὲν</em></strong></span> <span class='ocrx_word' id='word_1_144' title='bbox 578 2095 676 2187; x_wconf 87' lang='grc' dir='ltr'><strong><em>νόμοι</em></strong></span> <span class='ocrx_word' id='word_1_145' title='bbox 696 2104 927 2190; x_wconf 84' lang='grc' dir='ltr'><strong><em>προςτακτικολ</em></strong></span> <span class='ocrx_word' id='word_1_146' title='bbox 946 2102 1006 2187; x_wconf 85' lang='grc' dir='ltr'><strong><em>μέν</em></strong></span> <span class='ocrx_word' id='word_1_147' title='bbox 1027 2101 1091 2166; x_wconf 84' lang='grc' dir='ltr'><strong><em>εἰσι</em></strong></span> <span class='ocrx_word' id='word_1_148' title='bbox 1112 2103 1177 2168; x_wconf 85' lang='grc' dir='ltr'><strong><em>τῶν</em></strong></span> <span class='ocrx_word' id='word_1_149' title='bbox 1199 2129 1277 2170; x_wconf 82' lang='grc' dir='ltr'><strong><em>ποι-</em></strong></span> 
     </span>
     <span class='ocr_line' id='line_1_19' title="bbox 227 2198 1276 2296; baseline 0.005 -26"><span class='ocrx_word' id='word_1_150' title='bbox 227 2231 230 2242; x_wconf 74' lang='lat'><strong><em>¹</em></strong></span> <span class='ocrx_word' id='word_1_151' title='bbox 257 2207 379 2285; x_wconf 87' lang='grc' dir='ltr'><strong><em>ητέων,</em></strong></span> <span class='ocrx_word' id='word_1_152' title='bbox 401 2198 655 2293; x_wconf 87' lang='grc' dir='ltr'><strong><em>ἀπαγορευτικολ</em></strong></span> <span class='ocrx_word' id='word_1_153' title='bbox 677 2203 712 2267; x_wconf 79' lang='grc' dir='ltr'><strong><em>δὲ</em></strong></span> <span class='ocrx_word' id='word_1_154' title='bbox 734 2203 798 2269; x_wconf 81' lang='grc' dir='ltr'><strong><em>τῶν</em></strong></span> <span class='ocrx_word' id='word_1_155' title='bbox 819 2198 857 2268; x_wconf 89' lang='grc' dir='ltr'><strong><em>οῦ</em></strong></span> <span class='ocrx_word' id='word_1_156' title='bbox 879 2205 1058 2296; x_wconf 75' lang='grc' dir='ltr'><strong><em>ποιητέον,</em></strong></span> <span class='ocrx_word' id='word_1_157' title='bbox 1080 2200 1140 2290; x_wconf 86' lang='grc' dir='ltr'><strong><em>οῦχ</em></strong></span> <span class='ocrx_word' id='word_1_158' title='bbox 1161 2208 1276 2275; x_wconf 78' lang='grc' dir='ltr'><strong><em>ἕπεται</em></strong></span> 
     </span>
     <span class='ocr_line' id='line_1_20' title="bbox 243 2299 1275 2400; baseline 0.002 -26"><span class='ocrx_word' id='word_1_159' title='bbox 243 2309 293 2374; x_wconf 60' lang='grc' dir='ltr'><strong><em>’δὲ</em></strong></span> <span class='ocrx_word' id='word_1_160' title='bbox 315 2306 354 2400; x_wconf 72' lang='grc' dir='ltr'><strong><em>τῇ</em></strong></span> <span class='ocrx_word' id='word_1_161' title='bbox 375 2306 438 2372; x_wconf 82' lang='grc' dir='ltr'><strong><em>τῶν</em></strong></span> <span class='ocrx_word' id='word_1_162' title='bbox 458 2300 567 2391; x_wconf 86' lang='grc' dir='ltr'><strong><em>νόμων</em></strong></span> <span class='ocrx_word' id='word_1_163' title='bbox 587 2299 759 2395; x_wconf 80' lang='grc' dir='ltr'><strong><em>προςτοίξει</em></strong></span> <span class='ocrx_word' id='word_1_164' title='bbox 788 2300 826 2369; x_wconf 90' lang='grc' dir='ltr'><strong><em>τὸ</em></strong></span> <span class='ocrx_word' id='word_1_165' title='bbox 859 2299 940 2370; x_wconf 72' lang='grc' dir='ltr'><strong><em>καθ’</em></strong></span> <span class='ocrx_word' id='word_1_166' title='bbox 976 2299 1082 2396; x_wconf 79' lang='grc' dir='ltr'><strong><em>ὁρμὴν</em></strong></span> <span class='ocrx_word' id='word_1_167' title='bbox 1109 2301 1275 2396; x_wconf 74' lang='grc' dir='ltr'><strong><em>14)·ἡμοίς</em></strong></span> 
     </span>
     <span class='ocr_line' id='line_1_21' title="bbox 257 2398 1275 2500; baseline 0.001 -25"><span class='ocrx_word' id='word_1_168' title='bbox 257 2411 394 2499; x_wconf 79' lang='grc' dir='ltr'><strong><em>ἐνεργεῖν</em></strong></span> <span class='ocrx_word' id='word_1_169' title='bbox 401 2459 409 2489; x_wconf 91' lang='grc'><strong>,</strong></span> <span class='ocrx_word' id='word_1_170' title='bbox 448 2398 531 2474; x_wconf 86' lang='grc' dir='ltr'><strong><em>ῦταν</em></strong></span> <span class='ocrx_word' id='word_1_171' title='bbox 558 2402 601 2472; x_wconf 89' lang='grc' dir='ltr'><strong><em>τά</em></strong></span> <span class='ocrx_word' id='word_1_172' title='bbox 628 2407 829 2498; x_wconf 82' lang='grc' dir='ltr'><strong><em>περιεστῶτα</em></strong></span> <span class='ocrx_word' id='word_1_173' title='bbox 850 2401 941 2479; x_wconf 87' lang='grc' dir='ltr'><strong><em>ἀίτια</em></strong></span> <span class='ocrx_word' id='word_1_174' title='bbox 964 2408 997 2489; x_wconf 77' lang='grc' dir='ltr'><strong><em>ἐξ</em></strong></span> <span class='ocrx_word' id='word_1_175' title='bbox 1017 2404 1163 2497; x_wconf 90' lang='grc' dir='ltr'><strong><em>ἀνάγκης</em></strong></span> <span class='ocrx_word' id='word_1_176' title='bbox 1183 2407 1275 2500; x_wconf 76' lang='grc' dir='ltr'><strong><em>ἡμᾶς</em></strong></span> 
     </span>
     <span class='ocr_line' id='line_1_22' title="bbox 257 2504 1276 2604; baseline 0.008 -27"><span class='ocrx_word' id='word_1_177' title='bbox 257 2506 302 2578; x_wconf 80' lang='grc' dir='ltr'><strong><em>ἐπ’</em></strong></span> <span class='ocrx_word' id='word_1_178' title='bbox 327 2504 415 2578; x_wconf 84' lang='grc' dir='ltr'><strong><em>ἀλλά</em></strong></span> <span class='ocrx_word' id='word_1_179' title='bbox 435 2533 510 2578; x_wconf 92' lang='grc' dir='ltr'><strong><em>τινα</em></strong></span> <span class='ocrx_word' id='word_1_180' title='bbox 532 2509 603 2603; x_wconf 73' lang='grc' dir='ltr'><strong><em>κινῇ</em></strong></span> <span class='ocrx_word' id='word_1_181' title='bbox 624 2534 659 2576; x_wconf 92' lang='grc' dir='ltr'><strong><em>τε</em></strong></span> <span class='ocrx_word' id='word_1_182' title='bbox 680 2515 736 2575; x_wconf 81' lang='grc' dir='ltr'><strong><em>καὶ</em></strong></span> <span class='ocrx_word' id='word_1_183' title='bbox 757 2512 852 2604; x_wconf 80' lang='grc' dir='ltr'><strong><em>φέρῃ.</em></strong></span> <span class='ocrx_word' id='word_1_184' title='bbox 888 2505 1148 2603; x_wconf 77' lang='grc' dir='ltr'><strong><em>Ἀναιρονμένον</em></strong></span> <span class='ocrx_word' id='word_1_185' title='bbox 1164 2517 1200 2582; x_wconf 77' lang='grc' dir='ltr'><strong><em>δὲ</em></strong></span> <span class='ocrx_word' id='word_1_186' title='bbox 1216 2516 1276 2586; x_wconf 85' lang='grc' dir='ltr'><strong><em>διά</em></strong></span> 
     </span>
     <span class='ocr_line' id='line_1_23' title="bbox 257 2606 1273 2713; baseline -0.001 -34"><span class='ocrx_word' id='word_1_187' title='bbox 257 2609 316 2695; x_wconf 80' lang='grc' dir='ltr'><strong><em>τὴν</em></strong></span> <span class='ocrx_word' id='word_1_188' title='bbox 337 2607 495 2694; x_wconf 87' lang='grc' dir='ltr'><strong><em>τοιαῦτην</em></strong></span> <span class='ocrx_word' id='word_1_189' title='bbox 525 2613 722 2704; x_wconf 79' lang='grc' dir='ltr'><strong><em>έιμαρμένην</em></strong></span> <span class='ocrx_word' id='word_1_190' title='bbox 751 2614 811 2678; x_wconf 88' lang='grc' dir='ltr'><strong><em>τοῦ</em></strong></span> <span class='ocrx_word' id='word_1_191' title='bbox 840 2606 907 2680; x_wconf 88' lang='grc' dir='ltr'><strong><em>ἀπὸ</em></strong></span> <span class='ocrx_word' id='word_1_192' title='bbox 937 2614 1001 2681; x_wconf 78' lang='grc' dir='ltr'><strong><em>τῶν</em></strong></span> <span class='ocrx_word' id='word_1_193' title='bbox 1027 2611 1136 2709; x_wconf 82' lang='grc' dir='ltr'><strong><em>νῦμρν</em></strong></span> <span class='ocrx_word' id='word_1_194' title='bbox 1153 2621 1273 2713; x_wconf 80' lang='grc' dir='ltr'><strong><em>χρησί.</em></strong></span> 
     </span>
     <span class='ocr_line' id='line_1_24' title="bbox 256 2707 1274 2814; baseline 0.006 -32"><span class='ocrx_word' id='word_1_195' title='bbox 256 2740 339 2803; x_wconf 89' lang='grc' dir='ltr'><strong><em>μον,</em></strong></span> <span class='ocrx_word' id='word_1_196' title='bbox 367 2709 544 2807; x_wconf 72' lang='grc' dir='ltr'><strong><em>ἀναιροῖνέ</em></strong></span> <span class='ocrx_word' id='word_1_197' title='bbox 569 2710 610 2782; x_wconf 86' lang='grc' dir='ltr'><strong><em>ἀν</em></strong></span> <span class='ocrx_word' id='word_1_198' title='bbox 631 2719 685 2780; x_wconf 85' lang='grc' dir='ltr'><strong><em>καὶ</em></strong></span> <span class='ocrx_word' id='word_1_199' title='bbox 708 2717 741 2780; x_wconf 84' lang='grc' dir='ltr'><strong><em>οἱ</em></strong></span> <span class='ocrx_word' id='word_1_200' title='bbox 760 2707 868 2802; x_wconf 85' lang='grc' dir='ltr'><strong><em>νόμοι.</em></strong></span> <span class='ocrx_word' id='word_1_201' title='bbox 916 2715 956 2783; x_wconf 83' lang='grc' dir='ltr'><strong><em>Τί</em></strong></span> <span class='ocrx_word' id='word_1_202' title='bbox 982 2713 1047 2814; x_wconf 76' lang='grc' dir='ltr'><strong><em>γὰρ</em></strong></span> <span class='ocrx_word' id='word_1_203' title='bbox 1075 2715 1197 2813; x_wconf 79' lang='grc' dir='ltr'><strong><em>ὄφελος</em></strong></span> <span class='ocrx_word' id='word_1_204' title='bbox 1226 2726 1274 2807; x_wconf 73' lang='lat'><strong><em>¹5)</em></strong></span> 
     </span>
     <span class='ocr_line' id='line_1_25' title="bbox 256 2813 1272 2918; baseline 0.001 -33"><span class='ocrx_word' id='word_1_205' title='bbox 256 2813 381 2905; x_wconf 85' lang='grc' dir='ltr'><strong><em>νόμων,</em></strong></span> <span class='ocrx_word' id='word_1_206' title='bbox 414 2813 464 2895; x_wconf 87' lang='grc' dir='ltr'><strong><em>ὁῖς</em></strong></span> <span class='ocrx_word' id='word_1_207' title='bbox 484 2817 676 2885; x_wconf 86' lang='grc' dir='ltr'><strong><em>πείθεσθαι</em></strong></span> <span class='ocrx_word' id='word_1_208' title='bbox 696 2813 756 2898; x_wconf 81' lang='grc' dir='ltr'><strong><em>τὴν</em></strong></span> <span class='ocrx_word' id='word_1_209' title='bbox 778 2816 927 2898; x_wconf 81' lang='grc' dir='ltr'><strong><em>ἐξουσίαν</em></strong></span> <span class='ocrx_word' id='word_1_210' title='bbox 947 2813 1012 2886; x_wconf 87' lang='grc' dir='ltr'><strong><em>ῦπὸ</em></strong></span> <span class='ocrx_word' id='word_1_211' title='bbox 1035 2823 1093 2904; x_wconf 83' lang='grc' dir='ltr'><strong><em>τῆς</em></strong></span> <span class='ocrx_word' id='word_1_212' title='bbox 1113 2825 1272 2918; x_wconf 79' lang='grc' dir='ltr'><strong><em>έιμαρμέ..</em></strong></span> 
     </span>
     <span class='ocr_line' id='line_1_26' title="bbox 256 2915 1271 3014; baseline 0.011 -26"><span class='ocrx_word' id='word_1_213' title='bbox 256 2944 314 3001; x_wconf 92' lang='grc' dir='ltr'><strong><em>νης</em></strong></span> <span class='ocrx_word' id='word_1_214' title='bbox 329 2915 564 3014; x_wconf 71' lang='grc' dir='ltr'><strong><em>,ἀφηρὴμεθας</em></strong></span> <span class='ocrx_word' id='word_1_215' title='bbox 588 2917 657 2988; x_wconf 79' lang='grc' dir='ltr'><strong><em>ὀῦκ</em></strong></span> <span class='ocrx_word' id='word_1_216' title='bbox 685 2918 753 3012; x_wconf 85' lang='grc' dir='ltr'><strong><em>ἀρα</em></strong></span> <span class='ocrx_word' id='word_1_217' title='bbox 781 2921 827 3011; x_wconf 78' lang='grc' dir='ltr'><strong><em>τῷ</em></strong></span> <span class='ocrx_word' id='word_1_218' title='bbox 853 2916 1009 3006; x_wconf 82' lang='grc' dir='ltr'><strong><em>τοιαύτην</em></strong></span> <span class='ocrx_word' id='word_1_219' title='bbox 1037 2927 1123 2994; x_wconf 73' lang='grc' dir='ltr'><strong><em>ε’ῖναι</em></strong></span> <span class='ocrx_word' id='word_1_220' title='bbox 1141 2927 1202 3012; x_wconf 80' lang='grc' dir='ltr'><strong><em>τὴν</em></strong></span> <span class='ocrx_word' id='word_1_221' title='bbox 1224 2933 1271 2999; x_wconf 71' lang='grc' dir='ltr'><strong><em>ἑι·</em></strong></span> 
     </span>
     <span class='ocr_line' id='line_1_27' title="bbox 255 3017 1271 3122; baseline 0.003 -34"><span class='ocrx_word' id='word_1_222' title='bbox 255 3026 421 3114; x_wconf 81' lang='grc' dir='ltr'><strong><em>μαρμένην</em></strong></span> <span class='ocrx_word' id='word_1_223' title='bbox 444 3026 556 3091; x_wconf 77' lang='grc' dir='ltr'><strong><em>ἕπεται</em></strong></span> <span class='ocrx_word' id='word_1_224' title='bbox 575 3020 615 3089; x_wconf 87' lang='grc' dir='ltr'><strong><em>τὸ</em></strong></span> <span class='ocrx_word' id='word_1_225' title='bbox 637 3017 738 3112; x_wconf 89' lang='grc' dir='ltr'><strong><em>νόμον</em></strong></span> <span class='ocrx_word' id='word_1_226' title='bbox 765 3024 866 3104; x_wconf 84' lang='grc' dir='ltr'><strong><em>εῖναι,</em></strong></span> <span class='ocrx_word' id='word_1_227' title='bbox 902 3027 1031 3094; x_wconf 78' lang='grc' dir='ltr'><strong><em>ἐναντία</em></strong></span> <span class='ocrx_word' id='word_1_228' title='bbox 1059 3026 1124 3120; x_wconf 93' lang='grc' dir='ltr'><strong><em>γάρ</em></strong></span> <span class='ocrx_word' id='word_1_229' title='bbox 1154 3034 1271 3122; x_wconf 84' lang='grc' dir='ltr'><strong><em>έιμαρ.</em></strong></span> 
     </span>
     <span class='ocr_line' id='line_1_28' title="bbox 255 3120 1271 3224; baseline 0.012 -32"><span class='ocrx_word' id='word_1_230' title='bbox 255 3129 335 3214; x_wconf 84' lang='grc' dir='ltr'><strong><em>μένη</em></strong></span> <span class='ocrx_word' id='word_1_231' title='bbox 364 3149 399 3193; x_wconf 88' lang='grc' dir='ltr'><strong><em>τε</em></strong></span> <span class='ocrx_word' id='word_1_232' title='bbox 427 3130 482 3193; x_wconf 82' lang='grc' dir='ltr'><strong><em>καὶ</em></strong></span> <span class='ocrx_word' id='word_1_233' title='bbox 510 3121 631 3216; x_wconf 88' lang='grc' dir='ltr'><strong><em>νόμος,</em></strong></span> <span class='ocrx_word' id='word_1_234' title='bbox 674 3127 736 3212; x_wconf 82' lang='grc' dir='ltr'><strong><em>έίγε</em></strong></span> <span class='ocrx_word' id='word_1_235' title='bbox 765 3120 784 3191; x_wconf 87' lang='grc' dir='ltr'>ὁ</span> <span class='ocrx_word' id='word_1_236' title='bbox 812 3133 872 3213; x_wconf 77' lang='grc' dir='ltr'><strong><em>μὲν</em></strong></span> <span class='ocrx_word' id='word_1_237' title='bbox 899 3123 1000 3217; x_wconf 86' lang='grc' dir='ltr'><strong><em>νόμος</em></strong></span> <span class='ocrx_word' id='word_1_238' title='bbox 1030 3133 1271 3224; x_wconf 86' lang='grc' dir='ltr'><strong><em>προςτακτικός</em></strong></span> 
     </span>
     <span class='ocr_line' id='line_1_29' title="bbox 255 3224 1268 3325; baseline -0.001 -31"><span class='ocrx_word' id='word_1_239' title='bbox 255 3231 325 3295; x_wconf 79' lang='grc' dir='ltr'><strong><em>ἐστι</em></strong></span> <span class='ocrx_word' id='word_1_240' title='bbox 346 3227 409 3297; x_wconf 85' lang='grc' dir='ltr'><strong><em>τῦν</em></strong></span> <span class='ocrx_word' id='word_1_241' title='bbox 430 3232 598 3322; x_wconf 87' lang='grc' dir='ltr'><strong><em>πρακτέων</em></strong></span> <span class='ocrx_word' id='word_1_242' title='bbox 619 3253 654 3295; x_wconf 90' lang='grc' dir='ltr'><strong><em>τε</em></strong></span> <span class='ocrx_word' id='word_1_243' title='bbox 675 3235 731 3295; x_wconf 81' lang='grc' dir='ltr'><strong><em>καὶ</em></strong></span> <span class='ocrx_word' id='word_1_244' title='bbox 751 3224 814 3315; x_wconf 83' lang='grc' dir='ltr'><strong><em>μὴ,</em></strong></span> <span class='ocrx_word' id='word_1_245' title='bbox 837 3224 879 3308; x_wconf 82' lang='grc' dir='ltr'><strong><em>ὡς</em></strong></span> <span class='ocrx_word' id='word_1_246' title='bbox 893 3231 956 3300; x_wconf 82' lang='grc' dir='ltr'><strong><em>τῶν</em></strong></span> <span class='ocrx_word' id='word_1_247' title='bbox 969 3231 1181 3325; x_wconf 67' lang='grc' dir='ltr'><strong><em>πραττόντων</em></strong></span> <span class='ocrx_word' id='word_1_248' title='bbox 1194 3243 1268 3322; x_wconf 64' lang='lat'>¹52)</span> 
     </span>
     <span class='ocr_line' id='line_1_30' title="bbox 255 3327 1268 3432; baseline 0.011 -34"><span class='ocrx_word' id='word_1_249' title='bbox 255 3334 441 3421; x_wconf 79' lang='grc' dir='ltr'><strong><em>δυναμένων</em></strong></span> <span class='ocrx_word' id='word_1_250' title='bbox 461 3328 551 3424; x_wconf 76' lang='grc' dir='ltr'><strong><em>ἀντῷ</em></strong></span> <span class='ocrx_word' id='word_1_251' title='bbox 571 3332 762 3399; x_wconf 84' lang='grc' dir='ltr'><strong><em>πείθεσθαι</em></strong></span> <span class='ocrx_word' id='word_1_252' title='bbox 784 3327 962 3415; x_wconf 77' lang='grc' dir='ltr'><strong><em>κελεύοντι,</em></strong></span> <span class='ocrx_word' id='word_1_253' title='bbox 984 3334 1035 3402; x_wconf 82' lang='grc' dir='ltr'><strong><em>διὸ</em></strong></span> <span class='ocrx_word' id='word_1_254' title='bbox 1057 3345 1113 3406; x_wconf 87' lang='grc' dir='ltr'><strong><em>καὶ</em></strong></span> <span class='ocrx_word' id='word_1_255' title='bbox 1127 3338 1206 3421; x_wconf 86' lang='grc' dir='ltr'><strong><em>τοῦς</em></strong></span> <span class='ocrx_word' id='word_1_256' title='bbox 1219 3341 1268 3432; x_wconf 80' lang='grc' dir='ltr'><strong><em>μὴ</em></strong></span> 
     </span>
     <span class='ocr_line' id='line_1_31' title="bbox 254 3429 1268 3528; baseline 0.009 -26"><span class='ocrx_word' id='word_1_257' title='bbox 254 3439 476 3521; x_wconf 80' lang='grc' dir='ltr'><strong><em>πειθομένους</em></strong></span> <span class='ocrx_word' id='word_1_258' title='bbox 498 3430 540 3513; x_wconf 82' lang='grc' dir='ltr'><strong><em>ὡς</em></strong></span> <span class='ocrx_word' id='word_1_259' title='bbox 562 3429 814 3527; x_wconf 87' lang='grc' dir='ltr'><strong><em>ἀμαρτάνοντας</em></strong></span> <span class='ocrx_word' id='word_1_260' title='bbox 835 3437 961 3524; x_wconf 86' lang='grc' dir='ltr'><strong><em>ζημιοῖ,</em></strong></span> <span class='ocrx_word' id='word_1_261' title='bbox 990 3443 1091 3528; x_wconf 84' lang='grc' dir='ltr'><strong><em>τιμῦν</em></strong></span> <span class='ocrx_word' id='word_1_262' title='bbox 1104 3445 1182 3523; x_wconf 87' lang='grc' dir='ltr'><strong><em>τοῦς</em></strong></span> <span class='ocrx_word' id='word_1_263' title='bbox 1196 3471 1268 3514; x_wconf 56' lang='grc' dir='ltr'><strong><em>πει.</em></strong></span> 
     </span>
     <span class='ocr_line' id='line_1_32' title="bbox 254 3533 1267 3632; baseline 0.008 -28"><span class='ocrx_word' id='word_1_264' title='bbox 254 3541 422 3625; x_wconf 87' lang='grc' dir='ltr'><strong><em>θομένους</em></strong></span> <span class='ocrx_word' id='word_1_265' title='bbox 445 3535 488 3616; x_wconf 85' lang='grc' dir='ltr'><strong><em>ὡς</em></strong></span> <span class='ocrx_word' id='word_1_266' title='bbox 505 3539 770 3628; x_wconf 86' lang='grc' dir='ltr'><strong><em>κατορθοῦντας,</em></strong></span> <span class='ocrx_word' id='word_1_267' title='bbox 791 3533 811 3604; x_wconf 81' lang='lat' dir='ltr'><strong><em>r‘</em></strong></span> <span class='ocrx_word' id='word_1_268' title='bbox 834 3542 870 3605; x_wconf 80' lang='grc' dir='ltr'><strong><em>δὲ</em></strong></span> <span class='ocrx_word' id='word_1_269' title='bbox 893 3541 1068 3632; x_wconf 86' lang='grc' dir='ltr'><strong><em>έιμαρμένη</em></strong></span> <span class='ocrx_word' id='word_1_270' title='bbox 1088 3541 1200 3614; x_wconf 81' lang='grc' dir='ltr'><strong><em>πάντα</em></strong></span> <span class='ocrx_word' id='word_1_271' title='bbox 1221 3547 1267 3617; x_wconf 74' lang='grc' dir='ltr'><strong><em>τὰ</em></strong></span> 
     </span>
     <span class='ocr_line' id='line_1_33' title="bbox 253 3634 1267 3742; baseline 0.005 -34"><span class='ocrx_word' id='word_1_272' title='bbox 253 3634 408 3727; x_wconf 84' lang='grc' dir='ltr'><strong><em>γινόμενα</em></strong></span> <span class='ocrx_word' id='word_1_273' title='bbox 430 3636 614 3727; x_wconf 86' lang='grc' dir='ltr'><strong><em>ἀναγκαίως</em></strong></span> <span class='ocrx_word' id='word_1_274' title='bbox 642 3664 675 3706; x_wconf 84' lang='grc' dir='ltr'><strong><em>τε</em></strong></span> <span class='ocrx_word' id='word_1_275' title='bbox 697 3646 752 3706; x_wconf 82' lang='grc' dir='ltr'><strong><em>καὶ</em></strong></span> <span class='ocrx_word' id='word_1_276' title='bbox 774 3637 814 3708; x_wconf 77' lang='grc' dir='ltr'><strong><em>δι’</em></strong></span> <span class='ocrx_word' id='word_1_277' title='bbox 838 3637 958 3729; x_wconf 85' lang='grc' dir='ltr'><strong><em>ὁμοίας</em></strong></span> <span class='ocrx_word' id='word_1_278' title='bbox 979 3641 1089 3725; x_wconf 89' lang='grc' dir='ltr'><strong><em>ἀιτίας</em></strong></span> <span class='ocrx_word' id='word_1_279' title='bbox 1110 3657 1194 3742; x_wconf 72' lang='grc' dir='ltr'><strong><em>φησι</em></strong></span> <span class='ocrx_word' id='word_1_280' title='bbox 1215 3654 1267 3739; x_wconf 79' lang='grc' dir='ltr'><strong><em>γλ.</em></strong></span> 
     </span>
     <span class='ocr_line' id='line_1_34' title="bbox 250 3738 1265 3836; baseline 0.013 -26"><span class='ocrx_word' id='word_1_281' title='bbox 250 3746 376 3810; x_wconf 88' lang='grc' dir='ltr'><strong><em>νεσθαι</em></strong></span> <span class='ocrx_word' id='word_1_282' title='bbox 408 3738 452 3824; x_wconf 79' lang='lat'><strong><em>¹⁶)</em></strong></span> <span class='ocrx_word' id='word_1_283' title='bbox 464 3793 473 3823; x_wconf 94' lang='lat'><strong><em>,</em></strong></span> <span class='ocrx_word' id='word_1_284' title='bbox 509 3742 573 3809; x_wconf 80' lang='grc' dir='ltr'><strong><em>τῶν</em></strong></span> <span class='ocrx_word' id='word_1_285' title='bbox 600 3744 636 3808; x_wconf 80' lang='grc' dir='ltr'><strong><em>δὲ</em></strong></span> <span class='ocrx_word' id='word_1_286' title='bbox 663 3739 703 3808; x_wconf 77' lang='grc' dir='ltr'><strong><em>δι’</em></strong></span> <span class='ocrx_word' id='word_1_287' title='bbox 734 3739 852 3831; x_wconf 90' lang='grc' dir='ltr'><strong><em>ὁμοίας</em></strong></span> <span class='ocrx_word' id='word_1_288' title='bbox 878 3747 1055 3836; x_wconf 81' lang='grc' dir='ltr'><strong><em>γινομένων</em></strong></span> <span class='ocrx_word' id='word_1_289' title='bbox 1076 3757 1119 3832; x_wconf 82' lang='lat'><strong><em>¹⁷)</em></strong></span> <span class='ocrx_word' id='word_1_290' title='bbox 1152 3750 1265 3836; x_wconf 90' lang='grc' dir='ltr'><strong><em>ἀιτίας</em></strong></span> 
     </span>
     <span class='ocr_line' id='line_1_35' title="bbox 253 3839 1264 3952; baseline 0.014 -41"><span class='ocrx_word' id='word_1_291' title='bbox 253 3841 312 3933; x_wconf 87' lang='grc' dir='ltr'><strong><em>οῦχ</em></strong></span> <span class='ocrx_word' id='word_1_292' title='bbox 333 3840 404 3913; x_wconf 89' lang='grc' dir='ltr'><strong><em>ὁῖῦν</em></strong></span> <span class='ocrx_word' id='word_1_293' title='bbox 424 3870 459 3913; x_wconf 89' lang='grc' dir='ltr'><strong><em>τε</em></strong></span> <span class='ocrx_word' id='word_1_294' title='bbox 480 3839 522 3911; x_wconf 89' lang='grc' dir='ltr'><strong><em>τά</em></strong></span> <span class='ocrx_word' id='word_1_295' title='bbox 543 3851 603 3932; x_wconf 79' lang='grc' dir='ltr'><strong><em>μὲν</em></strong></span> <span class='ocrx_word' id='word_1_296' title='bbox 623 3841 848 3938; x_wconf 78' lang='grc' dir='ltr'><strong><em>ἁμαρτήματα</em></strong></span> <span class='ocrx_word' id='word_1_297' title='bbox 870 3851 990 3935; x_wconf 87' lang='grc' dir='ltr'><strong><em>λέγειν,</em></strong></span> <span class='ocrx_word' id='word_1_298' title='bbox 1018 3849 1061 3919; x_wconf 86' lang='grc' dir='ltr'><strong><em>τά</em></strong></span> <span class='ocrx_word' id='word_1_299' title='bbox 1083 3857 1119 3922; x_wconf 77' lang='grc' dir='ltr'><strong><em>δὲ</em></strong></span> <span class='ocrx_word' id='word_1_300' title='bbox 1141 3883 1264 3952; x_wconf 73' lang='grc' dir='ltr'><strong><em>κατορ·</em></strong></span> 
     </span>
     <span class='ocr_line' id='line_1_36' title="bbox 252 3943 1263 4044; baseline 0.014 -30"><span class='ocrx_word' id='word_1_301' title='bbox 252 3943 410 4038; x_wconf 85' lang='grc' dir='ltr'><strong><em>θώματα.</em></strong></span> <span class='ocrx_word' id='word_1_302' title='bbox 448 3943 499 4016; x_wconf 81' lang='grc' dir='ltr'><strong><em>Ἐι</em></strong></span> <span class='ocrx_word' id='word_1_303' title='bbox 530 3944 594 4038; x_wconf 82' lang='grc' dir='ltr'><strong><em>γὰρ</em></strong></span> <span class='ocrx_word' id='word_1_304' title='bbox 623 3952 707 4035; x_wconf 84' lang='grc' dir='ltr'><strong><em>λέγει</em></strong></span> <span class='ocrx_word' id='word_1_305' title='bbox 739 3973 790 4028; x_wconf 88' lang='grc' dir='ltr'><strong><em>τις</em></strong></span> <span class='ocrx_word' id='word_1_306' title='bbox 820 3956 876 4018; x_wconf 82' lang='grc' dir='ltr'><strong><em>καὶ</em></strong></span> <span class='ocrx_word' id='word_1_307' title='bbox 904 3949 962 4020; x_wconf 90' lang='grc' dir='ltr'><strong><em>τὸν</em></strong></span> <span class='ocrx_word' id='word_1_308' title='bbox 993 3951 1096 4044; x_wconf 85' lang='grc' dir='ltr'><strong><em>νόμον</em></strong></span> <span class='ocrx_word' id='word_1_309' title='bbox 1128 3960 1163 4028; x_wconf 87' lang='grc' dir='ltr'><strong><em>έν</em></strong></span> <span class='ocrx_word' id='word_1_310' title='bbox 1193 3967 1263 4039; x_wconf 89' lang='grc' dir='ltr'><strong><em>τοῖς</em></strong></span> 
     </span>
    </p>
   </div>
   <div class='ocr_carea' id='block_1_4' title="bbox 0 0 1396 4790">
    <p class='ocr_par' dir='ltr' id='par_1_4' title="bbox 0 0 1396 4790">
     <span class='ocr_line' id='line_1_37' title="bbox 0 0 1396 4790; baseline 0 7"><span class='ocrx_word' id='word_1_311' title='bbox 0 0 1396 4790; x_wconf 95' lang='lat' dir='ltr'><strong><em> </em></strong></span> 
     </span>
    </p>
   </div>
  </div>
 </body>
</html>
