2828 4792
308 669 452 772 ΙΛέγεται
464 679 505 766 δὴ
519 679 605 775 πρὸς
620 675 775 750 ἀπάντων
789 677 978 774 ἀνθρώπων
986 734 995 765 ,
1017 685 1145 760 κοιναῖς
1158 706 1192 749 τε
1208 685 1264 750 καί

221 801 224 810 “
244 793 405 880 φυσικαῖς
427 787 567 866 ἐννοίαις
588 779 809 874 ἐμμενόντων,
839 783 948 852 ταῦτα
962 781 1030 853 ἀπὸ
1045 779 1145 874 τύχης
1159 809 1193 854 τε
1209 789 1265 854 καὶ

244 893 306 960 τού
318 875 524 979 ’ἀυτομάτου
541 890 721 976 γίνεσθαι,
751 882 916 967 ἀάιτίαις
934 885 1045 956 ἀλλων
1060 889 1156 957 τινῶν
1169 913 1266 972 ποιη-

243 997 353 1072 τικαῖς
376 994 641 1086 προηγουμέναις
662 995 689 1076 ¹)
712 992 898 1080 ἐπιγίνεται.
946 986 1052 1061 Ὅταν
1070 988 1137 1083 γάρ
1158 989 1265 1060 ἀλλον

244 1094 335 1178 τινὸς
349 1091 449 1189 χάριν
466 1099 626 1188 γινομένῳ
644 1101 709 1164 τινί
721 1092 768 1185 μὴ
786 1090 886 1164 τούτο
898 1090 1090 1191 ἀπαντήσῃ,
1112 1090 1153 1162 ὀύ
1167 1089 1267 1187 χάριν

245 1201 369 1287 ἐγένετο
376 1251 385 1282 ,
418 1197 502 1267 ἀλλο
525 1191 618 1283 δ’έ,ὁ
644 1195 705 1282 τὴν
729 1195 833 1291 ἀρχὴν
855 1202 939 1288 μηδὲ
963 1194 1133 1283 ἠλπίζετο,
1165 1200 1267 1267 τοῦτο

245 1299 313 1371 ἀπὸ
343 1298 443 1391 τύχης
464 1305 594 1389 λέγεται
619 1305 805 1390 γεγονέναι,
837 1298 919 1369 καθ’
944 1296 1028 1370 άντό
1051 1309 1112 1391 μὲν
1132 1298 1268 1389 γεγονὸς

245 1401 418 1485 ἀναιτίως,
440 1402 527 1472 κατὰ
545 1402 753 1494 συμβεβηκὸς
767 1399 801 1472 δ.
814 1401 950 1492 ἐσχηκός
961 1401 1069 1474 ἀίτιον
1082 1403 1122 1473 τό
1135 1399 1269 1494 γενόμε-

245 1534 303 1579 νον
321 1505 366 1576 ἐπ’
386 1505 492 1576 ἀλλον
506 1511 629 1594 γενέσει
639 1503 739 1586 τινός.
767 1508 839 1574 Καὶ
855 1499 909 1574 ὅτι
923 1501 1077 1576 τοιοῦτόν
1084 1533 1123 1575 τι
1134 1511 1269 1595 λέγουσι

246 1607 364 1689 πάντες
379 1608 418 1678 τὸ
432 1606 605 1698 γινόμενον
622 1607 689 1678 ἀπὸ
700 1605 800 1698 τύχης
812 1609 863 1691 ²),
885 1612 986 1692 δῆλον
1003 1609 1036 1692 ἐξ
1056 1600 1100 1679 ὧν
1117 1606 1269 1697 ύποβάλ

246 1719 344 1783 λουσι
362 1717 611 1801 σημαινομένων
630 1715 680 1803 ³),
711 1709 761 1792 ὁῖς
782 1709 849 1780 ἀπὸ
871 1709 970 1802 τύχης
991 1721 1078 1808 φασί
1098 1714 1269 1801 γίνεσθαι.

252 1813 430 1909 Θησαυρόν
448 1841 482 1884 τε
497 1812 561 1908 γάρ
579 1840 686 1910 φασιν
696 1811 763 1884 ἀπό
777 1811 876 1905 τύχης
891 1813 1147 1908 ἑυρηκέναιτινά
1157 1808 1205 1900 4),
1227 1812 1270 1883 ἀν

247 1917 352 1988 ἀλλον
360 1915 463 2011 χάριν
473 1914 625 2010 ὀρύσσων
641 1920 691 1998 τίς
705 1944 794 1998 τινος
806 1921 853 2002 ⁵),
876 1915 945 1988 ἀλλ’
960 1917 998 1988 ού
1010 1921 1070 1988 τοῦ
1086 1914 1269 2011 θησαυρόν

247 2024 370 2115 έυρεῖν,
405 2025 574 2116 θησαυρῷ
591 2025 757 2119 περιπέσῃ.
806 2019 845 2092 ‘0
865 2030 926 2112 μέν
946 2019 1010 2112 γάρ
1030 2019 1152 2092 τούτου
1169 2017 1270 2112 χάριν

248 2120 417 2218 ὀρύσσων,
439 2122 499 2194 ούκ
520 2122 588 2194 ἀπὸ
611 2122 728 2214 τύχης·
751 2122 793 2194 όύ
809 2123 874 2218 γάρ
887 2122 987 2218 χάριν
1002 2119 1145 2218 ὤρυσσε,
1166 2127 1268 2194 τοῦτο

249 2223 434 2312 ἀπήντησεν
450 2224 560 2320 ἀντῷ·
583 2217 609 2322 ῷ
617 2231 652 2295 δὲ
662 2231 764 2318 μηδὲν
774 2230 833 2312 τῆς
842 2231 997 2320 ἑυρέοεως
1010 2231 1072 2298 τοῦ
1085 2233 1270 2319 θησαυροῦ

242 2330 356 2422 ἔμελε,
379 2331 530 2400 ποιοῦντι
548 2333 584 2398 δὲ
607 2329 711 2410 ἀλλον
728 2329 819 2411 τινὸς
840 2328 960 2423 χάριν,
981 2327 1147 2424 ηίύρεσις
1163 2329 1269 2416 ἀπην-

249 2457 355 2516 τησεν,
379 2427 421 2513 ὥς
432 2437 525 2514 τέλος
542 2434 673 2516 ἐκείνου,
694 2436 813 2503 τοῦτον
827 2431 894 2502 ἀπὸ
904 2431 1005 2524 τύχης
1016 2433 1073 2503 τὸν
1086 2434 1269 2531 θησαυρὸν

180 2521 181 2540 ¹
249 2539 420 2629 ἑυρηκέναι
436 2533 556 2616 πάντες
570 2540 730 2624 λέγουσιν.
769 2533 875 2606 Ἀλλά
889 2545 946 2607 καί
963 2536 1002 2606 τὸ
1017 2534 1178 2631 ἀργύριον
1200 2536 1268 2609 ἀπὸ

196 2632 203 2645 ’
250 2635 349 2728 τύχης
373 2637 578 2728 κεκομίσθαι
599 2637 675 2708 τινά
703 2644 871 2728 λέγουσιν,
895 2635 977 2710 όταν
993 2643 1040 2720 έις
1059 2638 1119 2724 τὴν
1140 2638 1269 2736 ἀγοράν

168 2796 170 2800 .
250 2739 429 2831 προελθὼν
450 2740 554 2811 ἀλλον
572 2740 663 2822 τινὸς
672 2739 773 2835 χάριν
786 2741 946 2837 ἀργύριον
964 2744 1071 2834 ἔχοντι
1087 2744 1270 2838 περιπεσὼν

251 2845 297 2938 τῷ
309 2845 456 2940 χρεωστῷ
465 2896 473 2927 ,
495 2843 534 2913 τὸ
553 2841 769 2939 ὀφειλόμενον
784 2843 874 2942 ἀντῷ
888 2844 990 2941 λάβῃ·
1014 2851 1061 2941 τῷ
1072 2845 1137 2942 γάρ
1150 2854 1270 2942 προελε-

250 2952 329 3018 θεῖν
345 2951 392 3028 έις
405 2946 465 3031 τὴν
479 2944 607 3042 ἀγοράν
624 2946 708 3019 ἀλλο
726 2974 759 3018 τι
779 2947 1025 3043 προηγούμενον
1045 2956 1139 3032 τέλος
1152 2953 1270 3042 ἔχοντι,
1319 3023 1324 3032 ,

253 3047 292 3119 τὸ
306 3046 588 3145 προοφειλόμενον
603 3056 724 3141 λαβεῖν
745 3047 774 3137 6)
797 3050 996 3137 ἀπήντησεν,
1019 3051 1064 3136 ἀς
1077 3059 1170 3137 τέλος
1183 3052 1272 3124 κατά

252 3151 463 3243 συμβεβηκὸς
484 3151 575 3248 ἀντῷ
591 3153 779 3246 γινόμενον,
812 3154 851 3224 τὸ
875 3164 935 3244 μὲν
954 3157 1127 3242 ποιητικὸν
1148 3156 1272 3242 ἀίτιον,

251 3254 290 3324 τό
306 3259 341 3324 δέ
355 3252 478 3326 τούτου
494 3262 587 3338 τέλος
607 3259 654 3342 7)·
677 3256 715 3328 ού
734 3257 799 3352 γάρ
816 3256 883 3326 ἀπὸ
898 3256 996 3350 τύχης
1010 3262 1060 3332 ἔτι
1076 3263 1203 3350 λέγεταί
1220 3287 1273 3343 τις

252 3359 291 3429 τὸ
308 3356 526 3455 ὀφειλόμενον
545 3364 731 3457 έιληφέυαι,
745 3365 782 3431 ,έι
798 3358 920 3432 τούτου
937 3361 1037 3456 χάριν
1054 3367 1101 3444 έις
1116 3362 1178 3449 την
1190 3363 1272 3453 ἀγο-

254 3461 317 3556 ρὰν
331 3466 523 3555 προῆλθεν,
541 3457 594 3534 ότι
610 3464 868 3558 τὸπροκείμενον
881 3463 972 3561 ἀντῷ
989 3465 1112 3554 τέλοςὴ
1128 3464 1272 3562 πρόοδος

254 3568 345 3658 ἔσχεν
359 3571 399 3652 ⁸).
441 3569 512 3636 Καί
539 3563 558 3634 ό
579 3563 679 3648 ἰ’ππος
700 3572 736 3637 δέ
757 3565 953 3657 ἀυτομάτως
977 3579 1044 3640 τισί
1069 3576 1198 3661 λέγεται
1219 3596 1273 3641 σε-

254 3673 413 3752 σῷσθαι,
436 3663 518 3739 όταν
532 3672 660 3764 τροφῆς
673 3680 735 3761 μέν
753 3675 874 3753 ἐλπίδι,
895 3670 917 3756 ἢ
938 3671 1042 3743 ἀλλον
1056 3673 1146 3756 τινός
1161 3671 1271 3768 χάριν,

255 3770 413 3870 ἀποφύγῃ
439 3773 517 3853 τούς
542 3779 740 3864 κατέχοντας
760 3773 879 3861 ἀυτὸν,
911 3773 1084 3876 ἀπαντήσῃ
1109 3783 1145 3848 δέ
1167 3776 1272 3849 ἀυτοῦ

253 3881 293 3974 τῷ
309 3881 402 3974 φυγῇ
417 3879 532 3972 καὶτῷ
547 3874 658 3971 δρόμῳ
674 3876 712 3947 τὸ
723 3885 794 3978 τοῖς
807 3876 983 3960 δεσπόταις
995 3888 1186 3971 περιπεσεῖν.
1199 3885 1272 3952 Καὶ

257 3985 287 4050 τί
316 3985 368 4050 δεῖ
391 3984 422 4064 9)
454 3977 530 4069 ύμῖν
564 3984 661 4052 πλείω
689 3985 941 4074 παραδείγματα
967 3982 1272 4068 κατατίθεσθαιί)
