<?xml version="1.0" encoding="UTF-8"?>
<!DOCTYPE html PUBLIC "-//W3C//DTD XHTML 1.0 Transitional//EN"
    "http://www.w3.org/TR/xhtml1/DTD/xhtml1-transitional.dtd">
<html xmlns="http://www.w3.org/1999/xhtml" xml:lang="en" lang="en">
 <head>
  <title>
</title>
<meta http-equiv="Content-Type" content="text/html;charset=utf-8" />
  <meta name='ocr-system' content='tesseract 3.04.00' />
  <meta name='ocr-capabilities' content='ocr_page ocr_carea ocr_par ocr_line ocrx_word'/>
</head>
<body>
  <div class='ocr_page' id='page_1' title='image "./alexandriaphrod01bardgoog_0114.png"; bbox 0 0 2782 4790; ppageno 0'>
   <div class='ocr_carea' id='block_1_1' title="bbox 229 529 971 626">
    <p class='ocr_par' dir='ltr' id='par_1_1' title="bbox 229 529 971 626">
     <span class='ocr_line' id='line_1_1' title="bbox 229 529 971 626; baseline -0.005 -16"><span class='ocrx_word' id='word_1_1' title='bbox 229 529 267 610; x_wconf 74' lang='lat' dir='ltr'><strong>Te</strong></span> <span class='ocrx_word' id='word_1_2' title='bbox 288 575 406 626; x_wconf 83' lang='lat' dir='ltr'><strong>namque</strong></span> <span class='ocrx_word' id='word_1_3' title='bbox 422 563 562 626; x_wconf 78' lang='lat' dir='ltr'><strong>perimet,</strong></span> <span class='ocrx_word' id='word_1_4' title='bbox 587 561 613 606; x_wconf 79' lang='lat' dir='ltr'><strong>si</strong></span> <span class='ocrx_word' id='word_1_5' title='bbox 634 575 689 626; x_wconf 79' lang='lat' dir='ltr'><strong>qua</strong></span> <span class='ocrx_word' id='word_1_6' title='bbox 708 562 765 608; x_wconf 82' lang='lat' dir='ltr'><strong>erit</strong></span> <span class='ocrx_word' id='word_1_7' title='bbox 781 559 879 626; x_wconf 77' lang='lat' dir='ltr'><strong>proles</strong></span> <span class='ocrx_word' id='word_1_8' title='bbox 899 555 952 608; x_wconf 77' lang='lat' dir='ltr'><strong>ttb·</strong></span> <span class='ocrx_word' id='word_1_9' title='bbox 963 591 971 624; x_wconf 77' lang='lat'>‚</span> 
     </span>
    </p>
   </div>
   <div class='ocr_carea' id='block_1_2' title="bbox 224 656 922 738">
    <p class='ocr_par' dir='ltr' id='par_1_2' title="bbox 224 656 922 738">
     <span class='ocr_line' id='line_1_2' title="bbox 224 656 922 738; baseline -0.004 -24"><span class='ocrx_word' id='word_1_10' title='bbox 224 663 330 738; x_wconf 32' lang='lat' dir='ltr'><strong>Atque,</strong></span> <span class='ocrx_word' id='word_1_11' title='bbox 341 657 408 712; x_wconf 74' lang='lat' dir='ltr'><strong>inde</strong></span> <span class='ocrx_word' id='word_1_12' title='bbox 428 667 493 710; x_wconf 85' lang='lat' dir='ltr'><strong>tota</strong></span> <span class='ocrx_word' id='word_1_13' title='bbox 512 664 653 725; x_wconf 75' lang='lat' dir='ltr'><strong>sauguine</strong></span> <span class='ocrx_word' id='word_1_14' title='bbox 672 656 797 712; x_wconf 78' lang='lat' dir='ltr'><em>undabit</em></span> <span class='ocrx_word' id='word_1_15' title='bbox 816 661 922 713; x_wconf 81' lang='lat' dir='ltr'><strong>domus.</strong></span> 
     </span>
    </p>
   </div>
   <div class='ocr_carea' id='block_1_3' title="bbox 112 759 1219 1460">
    <p class='ocr_par' dir='ltr' id='par_1_3' title="bbox 112 759 1219 1460">
     <span class='ocr_line' id='line_1_3' title="bbox 116 759 1122 845; baseline -0.005 -18"><span class='ocrx_word' id='word_1_16' title='bbox 116 763 326 844; x_wconf 82' lang='lat' dir='ltr'><strong>Respondent</strong></span> <span class='ocrx_word' id='word_1_17' title='bbox 352 759 415 835; x_wconf 90' lang='lat' dir='ltr'><strong>illi,</strong></span> <span class='ocrx_word' id='word_1_18' title='bbox 450 772 485 822; x_wconf 92' lang='lat' dir='ltr'><strong>ut</strong></span> <span class='ocrx_word' id='word_1_19' title='bbox 506 759 538 822; x_wconf 90' lang='lat' dir='ltr'><strong>iu</strong></span> <span class='ocrx_word' id='word_1_20' title='bbox 563 760 707 840; x_wconf 89' lang='lat' dir='ltr'><strong>ipsorum</strong></span> <span class='ocrx_word' id='word_1_21' title='bbox 733 760 884 841; x_wconf 77' lang='lat' dir='ltr'><strong>operibus</strong></span> <span class='ocrx_word' id='word_1_22' title='bbox 909 759 1044 845; x_wconf 84' lang='lat' dir='ltr'><strong>legitur,</strong></span> <span class='ocrx_word' id='word_1_23' title='bbox 1078 760 1122 823; x_wconf 90' lang='lat' dir='ltr'><strong>ita</strong></span> 
     </span>
     <span class='ocr_line' id='line_1_4' title="bbox 114 861 1122 947; baseline -0.004 -17"><span class='ocrx_word' id='word_1_24' title='bbox 114 863 299 947; x_wconf 85' lang='lat' dir='ltr'><strong>Apollinem</strong></span> <span class='ocrx_word' id='word_1_25' title='bbox 318 863 482 926; x_wconf 85' lang='lat' dir='ltr'><strong>oraculum</strong></span> <span class='ocrx_word' id='word_1_26' title='bbox 501 861 656 938; x_wconf 83' lang='lat' dir='ltr'><strong>edidisse,</strong></span> <span class='ocrx_word' id='word_1_27' title='bbox 692 862 782 944; x_wconf 85' lang='lat' dir='ltr'><strong>quasi</strong></span> <span class='ocrx_word' id='word_1_28' title='bbox 806 864 943 926; x_wconf 82' lang='lat' dir='ltr'><strong>nesciret</strong></span> <span class='ocrx_word' id='word_1_29' title='bbox 969 885 1039 926; x_wconf 91' lang='lat' dir='ltr'><strong>eum</strong></span> <span class='ocrx_word' id='word_1_30' title='bbox 1057 883 1122 926; x_wconf 89' lang='lat' dir='ltr'><strong>non</strong></span> 
     </span>
     <span class='ocr_line' id='line_1_5' title="bbox 112 963 1122 1049; baseline 0 -21"><span class='ocrx_word' id='word_1_31' title='bbox 112 966 306 1049; x_wconf 85' lang='lat' dir='ltr'><strong>pariturum,</strong></span> <span class='ocrx_word' id='word_1_32' title='bbox 347 963 420 1026; x_wconf 86' lang='lat' dir='ltr'><strong>cum</strong></span> <span class='ocrx_word' id='word_1_33' title='bbox 448 975 551 1026; x_wconf 89' lang='lat' dir='ltr'><strong>tamen</strong></span> <span class='ocrx_word' id='word_1_34' title='bbox 577 963 711 1026; x_wconf 81' lang='lat' dir='ltr'><strong>maxime</strong></span> <span class='ocrx_word' id='word_1_35' title='bbox 740 965 773 1027; x_wconf 92' lang='lat' dir='ltr'><strong>id</strong></span> <span class='ocrx_word' id='word_1_36' title='bbox 813 965 921 1028; x_wconf 87' lang='lat' dir='ltr'><strong>sciret.</strong></span> <span class='ocrx_word' id='word_1_37' title='bbox 988 966 1122 1028; x_wconf 87' lang='lat' dir='ltr'><strong>Factum</strong></span> 
     </span>
     <span class='ocr_line' id='line_1_6' title="bbox 114 1059 1219 1151; baseline -0.001 -20"><span class='ocrx_word' id='word_1_38' title='bbox 114 1082 217 1132; x_wconf 84' lang='lat' dir='ltr'><strong>autem</strong></span> <span class='ocrx_word' id='word_1_39' title='bbox 246 1069 295 1143; x_wconf 92' lang='lat' dir='ltr'><strong>id,</strong></span> <span class='ocrx_word' id='word_1_40' title='bbox 336 1068 409 1151; x_wconf 90' lang='lat' dir='ltr'><strong>quia</strong></span> <span class='ocrx_word' id='word_1_41' title='bbox 438 1066 470 1130; x_wconf 88' lang='lat' dir='ltr'><strong>ni</strong></span> <span class='ocrx_word' id='word_1_42' title='bbox 498 1067 542 1130; x_wconf 89' lang='lat' dir='ltr'><strong>ita</strong></span> <span class='ocrx_word' id='word_1_43' title='bbox 557 1067 677 1128; x_wconf 63' lang='lat' dir='ltr'><strong>&#39;datium</strong></span> <span class='ocrx_word' id='word_1_44' title='bbox 710 1079 794 1130; x_wconf 84' lang='lat' dir='ltr'><strong>esset</strong></span> <span class='ocrx_word' id='word_1_45' title='bbox 826 1069 1007 1145; x_wconf 86' lang='lat' dir='ltr'><strong>oraculum,</strong></span> <span class='ocrx_word' id='word_1_46' title='bbox 1045 1067 1124 1132; x_wconf 86' lang='lat' dir='ltr'><strong>nihil</strong></span> <span class='ocrx_word' id='word_1_47' title='bbox 1214 1059 1219 1068; x_wconf 79' lang='grc'><strong>’</strong></span> 
     </span>
     <span class='ocr_line' id='line_1_7' title="bbox 113 1169 1123 1255; baseline 0.002 -21"><span class='ocrx_word' id='word_1_48' title='bbox 113 1183 301 1255; x_wconf 81' lang='lat' dir='ltr'><strong>eventurum</strong></span> <span class='ocrx_word' id='word_1_49' title='bbox 330 1171 443 1234; x_wconf 87' lang='lat' dir='ltr'><strong>suisset</strong></span> <span class='ocrx_word' id='word_1_50' title='bbox 475 1169 602 1233; x_wconf 87' lang='lat' dir='ltr'><strong>illorum</strong></span> <span class='ocrx_word' id='word_1_51' title='bbox 629 1169 856 1234; x_wconf 84' lang='lat' dir='ltr'><strong>admirabilium</strong></span> <span class='ocrx_word' id='word_1_52' title='bbox 885 1191 1031 1247; x_wconf 80' lang='lat' dir='ltr'><strong>casuum,</strong></span> <span class='ocrx_word' id='word_1_53' title='bbox 1067 1171 1123 1255; x_wconf 83' lang='lat' dir='ltr'><strong>qui</strong></span> 
     </span>
     <span class='ocr_line' id='line_1_8' title="bbox 113 1271 1121 1354; baseline 0 -17"><span class='ocrx_word' id='word_1_54' title='bbox 113 1274 197 1338; x_wconf 87' lang='lat' dir='ltr'><strong>Laio</strong></span> <span class='ocrx_word' id='word_1_55' title='bbox 216 1285 248 1337; x_wconf 89' lang='lat' dir='ltr'><strong>et</strong></span> <span class='ocrx_word' id='word_1_56' title='bbox 264 1272 392 1354; x_wconf 86' lang='lat' dir='ltr'><strong>Oedipo</strong></span> <span class='ocrx_word' id='word_1_57' title='bbox 413 1291 560 1336; x_wconf 86' lang='lat' dir='ltr'><strong>evenere.</strong></span> <span class='ocrx_word' id='word_1_58' title='bbox 605 1272 719 1354; x_wconf 86' lang='lat' dir='ltr'><strong>Neque</strong></span> <span class='ocrx_word' id='word_1_59' title='bbox 738 1271 820 1336; x_wconf 89' lang='lat' dir='ltr'><strong>enim</strong></span> <span class='ocrx_word' id='word_1_60' title='bbox 843 1273 1044 1353; x_wconf 81' lang='lat' dir='ltr'><strong>exposuisset</strong></span> <span class='ocrx_word' id='word_1_61' title='bbox 1065 1297 1121 1338; x_wconf 93' lang='lat' dir='ltr'><strong>na-</strong></span> 
     </span>
     <span class='ocr_line' id='line_1_9' title="bbox 113 1374 1123 1460; baseline 0 -20"><span class='ocrx_word' id='word_1_62' title='bbox 113 1390 178 1440; x_wconf 90' lang='lat' dir='ltr'><strong>tum</strong></span> <span class='ocrx_word' id='word_1_63' title='bbox 208 1376 270 1439; x_wconf 90' lang='lat' dir='ltr'><strong>sibi</strong></span> <span class='ocrx_word' id='word_1_64' title='bbox 287 1377 387 1460; x_wconf 84' lang='lat' dir='ltr'><strong>filium</strong></span> <span class='ocrx_word' id='word_1_65' title='bbox 403 1375 526 1451; x_wconf 82' lang='lat' dir='ltr'><strong>Laius,</strong></span> <span class='ocrx_word' id='word_1_66' title='bbox 562 1374 642 1437; x_wconf 89' lang='lat' dir='ltr'><strong>sicut</strong></span> <span class='ocrx_word' id='word_1_67' title='bbox 668 1375 835 1456; x_wconf 81' lang='lat' dir='ltr'><strong>exposuit,</strong></span> <span class='ocrx_word' id='word_1_68' title='bbox 874 1395 977 1457; x_wconf 88' lang='lat' dir='ltr'><strong>neque</strong></span> <span class='ocrx_word' id='word_1_69' title='bbox 998 1376 1123 1440; x_wconf 78' lang='lat' dir='ltr'><strong>liliusa</strong></span> 
     </span>
    </p>
   </div>
   <div class='ocr_carea' id='block_1_4' title="bbox 112 1475 1222 1561">
    <p class='ocr_par' dir='ltr' id='par_1_4' title="bbox 112 1475 1222 1561">
     <span class='ocr_line' id='line_1_10' title="bbox 112 1475 1222 1561; baseline 0 -17"><span class='ocrx_word' id='word_1_70' title='bbox 112 1481 252 1544; x_wconf 87' lang='lat' dir='ltr'><strong>bubulco</strong></span> <span class='ocrx_word' id='word_1_71' title='bbox 276 1482 445 1554; x_wconf 85' lang='lat' dir='ltr'><strong>educatus,</strong></span> <span class='ocrx_word' id='word_1_72' title='bbox 485 1480 637 1561; x_wconf 86' lang='lat' dir='ltr'><strong>datusque</strong></span> <span class='ocrx_word' id='word_1_73' title='bbox 663 1477 695 1540; x_wconf 90' lang='lat' dir='ltr'><strong>in</strong></span> <span class='ocrx_word' id='word_1_74' title='bbox 721 1477 923 1559; x_wconf 89' lang='lat' dir='ltr'><strong>adoptionem</strong></span> <span class='ocrx_word' id='word_1_75' title='bbox 950 1475 1121 1544; x_wconf 87' lang='lat' dir='ltr'><strong>Corinthio</strong></span> <span class='ocrx_word' id='word_1_76' title='bbox 1211 1484 1222 1503; x_wconf 88' lang='lat'><strong><em>‘</em></strong></span> 
     </span>
    </p>
   </div>
   <div class='ocr_carea' id='block_1_5' title="bbox 109 1579 1121 1967">
    <p class='ocr_par' dir='ltr' id='par_1_5' title="bbox 109 1579 1121 1967">
     <span class='ocr_line' id='line_1_11' title="bbox 110 1579 1121 1665; baseline -0.003 -17"><span class='ocrx_word' id='word_1_77' title='bbox 110 1585 259 1665; x_wconf 84' lang='lat' dir='ltr'><strong>Polybo,</strong></span> <span class='ocrx_word' id='word_1_78' title='bbox 284 1584 323 1645; x_wconf 90' lang='lat' dir='ltr'><strong>ad</strong></span> <span class='ocrx_word' id='word_1_79' title='bbox 337 1581 460 1646; x_wconf 87' lang='lat' dir='ltr'><strong>virilem</strong></span> <span class='ocrx_word' id='word_1_80' title='bbox 471 1591 646 1664; x_wconf 84' lang='lat' dir='ltr'><strong>provectus</strong></span> <span class='ocrx_word' id='word_1_81' title='bbox 662 1591 796 1644; x_wconf 87' lang='lat' dir='ltr'><strong>aetatem</strong></span> <span class='ocrx_word' id='word_1_82' title='bbox 814 1592 846 1645; x_wconf 88' lang='lat' dir='ltr'><strong>et</strong></span> <span class='ocrx_word' id='word_1_83' title='bbox 868 1579 996 1645; x_wconf 88' lang='lat' dir='ltr'><strong>obviam</strong></span> <span class='ocrx_word' id='word_1_84' title='bbox 1017 1582 1121 1646; x_wconf 75' lang='lat' dir='ltr'><strong>saeuis</strong></span> 
     </span>
     <span class='ocr_line' id='line_1_12' title="bbox 109 1682 1121 1769; baseline -0.002 -19"><span class='ocrx_word' id='word_1_85' title='bbox 109 1687 192 1750; x_wconf 87' lang='lat' dir='ltr'><strong>Laio</strong></span> <span class='ocrx_word' id='word_1_86' title='bbox 222 1685 390 1748; x_wconf 87' lang='lat' dir='ltr'><strong>occidisset</strong></span> <span class='ocrx_word' id='word_1_87' title='bbox 419 1684 548 1769; x_wconf 82' lang='lat' dir='ltr'><strong>ignarus</strong></span> <span class='ocrx_word' id='word_1_88' title='bbox 578 1682 738 1767; x_wconf 85' lang='lat' dir='ltr'><strong>ignarum.</strong></span> <span class='ocrx_word' id='word_1_89' title='bbox 782 1685 895 1766; x_wconf 86' lang='lat' dir='ltr'><strong>Neque</strong></span> <span class='ocrx_word' id='word_1_90' title='bbox 922 1684 1003 1748; x_wconf 89' lang='lat' dir='ltr'><strong>enim</strong></span> <span class='ocrx_word' id='word_1_91' title='bbox 1026 1684 1121 1768; x_wconf 82' lang='lat' dir='ltr'><strong>igno·</strong></span> 
     </span>
     <span class='ocr_line' id='line_1_13' title="bbox 110 1786 1119 1870; baseline 0 -18"><span class='ocrx_word' id='word_1_92' title='bbox 110 1802 210 1852; x_wconf 79' lang='lat' dir='ltr'><strong>resset</strong></span> <span class='ocrx_word' id='word_1_93' title='bbox 224 1795 372 1870; x_wconf 85' lang='lat' dir='ltr'><strong>parentes</strong></span> <span class='ocrx_word' id='word_1_94' title='bbox 392 1809 491 1863; x_wconf 87' lang='lat' dir='ltr'><strong>suos,</strong></span> <span class='ocrx_word' id='word_1_95' title='bbox 517 1787 544 1849; x_wconf 91' lang='lat' dir='ltr'><strong>si</strong></span> <span class='ocrx_word' id='word_1_96' title='bbox 567 1786 652 1849; x_wconf 89' lang='lat' dir='ltr'><strong>domi</strong></span> <span class='ocrx_word' id='word_1_97' title='bbox 673 1789 756 1869; x_wconf 89' lang='lat' dir='ltr'><strong>apud</strong></span> <span class='ocrx_word' id='word_1_98' title='bbox 775 1807 830 1850; x_wconf 90' lang='lat' dir='ltr'><strong>eos</strong></span> <span class='ocrx_word' id='word_1_99' title='bbox 849 1789 997 1850; x_wconf 86' lang='lat' dir='ltr'><strong>educatus</strong></span> <span class='ocrx_word' id='word_1_100' title='bbox 1024 1800 1119 1865; x_wconf 86' lang='lat' dir='ltr'><strong>esset,</strong></span> 
     </span>
     <span class='ocr_line' id='line_1_14' title="bbox 110 1885 1121 1967; baseline -0.001 -12"><span class='ocrx_word' id='word_1_101' title='bbox 110 1891 151 1955; x_wconf 88' lang='lat' dir='ltr'><strong>ita</strong></span> <span class='ocrx_word' id='word_1_102' title='bbox 177 1904 212 1954; x_wconf 93' lang='lat' dir='ltr'><strong>ut</strong></span> <span class='ocrx_word' id='word_1_103' title='bbox 238 1892 370 1953; x_wconf 86' lang='lat' dir='ltr'><strong>alterum</strong></span> <span class='ocrx_word' id='word_1_104' title='bbox 394 1889 579 1967; x_wconf 87' lang='lat' dir='ltr'><strong>occideret,</strong></span> <span class='ocrx_word' id='word_1_105' title='bbox 615 1889 746 1953; x_wconf 86' lang='lat' dir='ltr'><strong>alteram</strong></span> <span class='ocrx_word' id='word_1_106' title='bbox 776 1890 838 1954; x_wconf 91' lang='lat' dir='ltr'><strong>sibi</strong></span> <span class='ocrx_word' id='word_1_107' title='bbox 862 1885 984 1954; x_wconf 80' lang='lat' dir='ltr'><strong>laceret</strong></span> <span class='ocrx_word' id='word_1_108' title='bbox 1010 1891 1121 1955; x_wconf 88' lang='lat' dir='ltr'><strong>coniu-</strong></span> 
     </span>
    </p>
   </div>
   <div class='ocr_carea' id='block_1_6' title="bbox 110 1993 1232 2080">
    <p class='ocr_par' dir='ltr' id='par_1_6' title="bbox 110 1993 1232 2080">
     <span class='ocr_line' id='line_1_15' title="bbox 110 1993 1232 2080; baseline -0.001 -22"><span class='ocrx_word' id='word_1_109' title='bbox 110 2017 195 2080; x_wconf 82' lang='lat' dir='ltr'><strong>gem.</strong></span> <span class='ocrx_word' id='word_1_110' title='bbox 262 1997 307 2058; x_wconf 91' lang='lat' dir='ltr'><strong>Ut</strong></span> <span class='ocrx_word' id='word_1_111' title='bbox 338 1993 436 2078; x_wconf 82' lang='lat' dir='ltr'><strong>igitur</strong></span> <span class='ocrx_word' id='word_1_112' title='bbox 466 1994 546 2054; x_wconf 87' lang='lat' dir='ltr'><strong>haec</strong></span> <span class='ocrx_word' id='word_1_113' title='bbox 576 1993 681 2056; x_wconf 81' lang='lat' dir='ltr'><strong>omniu</strong></span> <span class='ocrx_word' id='word_1_114' title='bbox 721 2003 840 2056; x_wconf 90' lang='lat' dir='ltr'><strong>starent</strong></span> <span class='ocrx_word' id='word_1_115' title='bbox 873 2015 911 2056; x_wconf 84' lang='lat' dir='ltr'><strong>ac</strong></span> <span class='ocrx_word' id='word_1_116' title='bbox 936 1994 1121 2075; x_wconf 88' lang='lat' dir='ltr'><strong>impleretur</strong></span> <span class='ocrx_word' id='word_1_117' title='bbox 1229 2015 1232 2022; x_wconf 90' lang='lat'>·</span> 
     </span>
    </p>
   </div>
   <div class='ocr_carea' id='block_1_7' title="bbox 108 2096 1184 3728">
    <p class='ocr_par' dir='ltr' id='par_1_7' title="bbox 108 2096 1184 3728">
     <span class='ocr_line' id='line_1_16' title="bbox 109 2096 1184 2180; baseline -0.002 -17"><span class='ocrx_word' id='word_1_118' title='bbox 109 2101 192 2163; x_wconf 88' lang='lat' dir='ltr'><strong>Fato</strong></span> <span class='ocrx_word' id='word_1_119' title='bbox 212 2103 297 2159; x_wconf 76' lang='lat' dir='ltr'><strong>nexa</strong></span> <span class='ocrx_word' id='word_1_120' title='bbox 316 2096 457 2172; x_wconf 85' lang='lat' dir='ltr'><strong>Fabula,</strong></span> <span class='ocrx_word' id='word_1_121' title='bbox 483 2096 572 2158; x_wconf 92' lang='lat' dir='ltr'><strong>Deus</strong></span> <span class='ocrx_word' id='word_1_122' title='bbox 593 2117 652 2176; x_wconf 87' lang='lat' dir='ltr'><strong>per</strong></span> <span class='ocrx_word' id='word_1_123' title='bbox 671 2096 835 2158; x_wconf 82' lang='lat' dir='ltr'><strong>oraculum</strong></span> <span class='ocrx_word' id='word_1_124' title='bbox 849 2098 932 2179; x_wconf 84' lang='lat' dir='ltr'><strong>bane</strong></span> <span class='ocrx_word' id='word_1_125' title='bbox 950 2097 1121 2180; x_wconf 84' lang='lat' dir='ltr'><strong>cogitatio·</strong></span> <span class='ocrx_word' id='word_1_126' title='bbox 1175 2164 1184 2176; x_wconf 70' lang='lat'>‚</span> 
     </span>
     <span class='ocr_line' id='line_1_17' title="bbox 111 2197 1121 2281; baseline -0.004 -15"><span class='ocrx_word' id='word_1_127' title='bbox 111 2223 183 2266; x_wconf 89' lang='lat' dir='ltr'><strong>nem</strong></span> <span class='ocrx_word' id='word_1_128' title='bbox 204 2199 311 2264; x_wconf 88' lang='lat' dir='ltr'><strong>iniecit</strong></span> <span class='ocrx_word' id='word_1_129' title='bbox 333 2197 438 2276; x_wconf 88' lang='lat' dir='ltr'><strong>Laio,</strong></span> <span class='ocrx_word' id='word_1_130' title='bbox 464 2218 560 2281; x_wconf 85' lang='lat' dir='ltr'><strong>posse</strong></span> <span class='ocrx_word' id='word_1_131' title='bbox 582 2197 716 2280; x_wconf 83' lang='lat' dir='ltr'><strong>abipso</strong></span> <span class='ocrx_word' id='word_1_132' title='bbox 740 2198 847 2260; x_wconf 84' lang='lat' dir='ltr'><strong>caveri</strong></span> <span class='ocrx_word' id='word_1_133' title='bbox 870 2197 1052 2280; x_wconf 81' lang='lat' dir='ltr'><strong>praedicta,</strong></span> <span class='ocrx_word' id='word_1_134' title='bbox 1077 2202 1121 2262; x_wconf 77' lang='lat' dir='ltr'><strong>&#39;et</strong></span> 
     </span>
     <span class='ocr_line' id='line_1_18' title="bbox 110 2297 1121 2384; baseline -0.004 -16"><span class='ocrx_word' id='word_1_135' title='bbox 110 2327 182 2368; x_wconf 89' lang='lat' dir='ltr'><strong>cum</strong></span> <span class='ocrx_word' id='word_1_136' title='bbox 206 2297 378 2366; x_wconf 76' lang='lat' dir='ltr'><strong>inebriatus</strong></span> <span class='ocrx_word' id='word_1_137' title='bbox 407 2301 532 2384; x_wconf 89' lang='lat' dir='ltr'><strong>prolem</strong></span> <span class='ocrx_word' id='word_1_138' title='bbox 565 2299 715 2377; x_wconf 86' lang='lat' dir='ltr'><strong>sevisset,</strong></span> <span class='ocrx_word' id='word_1_139' title='bbox 762 2299 910 2383; x_wconf 86' lang='lat' dir='ltr'><strong>exposuit</strong></span> <span class='ocrx_word' id='word_1_140' title='bbox 935 2300 988 2364; x_wconf 91' lang='lat' dir='ltr'><strong>ille</strong></span> <span class='ocrx_word' id='word_1_141' title='bbox 1013 2312 1121 2364; x_wconf 84' lang='lat' dir='ltr'><strong>natum</strong></span> 
     </span>
     <span class='ocr_line' id='line_1_19' title="bbox 110 2404 1120 2487; baseline -0.004 -16"><span class='ocrx_word' id='word_1_142' title='bbox 110 2408 171 2471; x_wconf 91' lang='lat' dir='ltr'><strong>sibi</strong></span> <span class='ocrx_word' id='word_1_143' title='bbox 190 2407 290 2469; x_wconf 88' lang='lat' dir='ltr'><strong>filium</strong></span> <span class='ocrx_word' id='word_1_144' title='bbox 319 2417 467 2487; x_wconf 85' lang='lat' dir='ltr'><strong>tanquam</strong></span> <span class='ocrx_word' id='word_1_145' title='bbox 490 2404 586 2467; x_wconf 85' lang='lat' dir='ltr'><strong>vitam</strong></span> <span class='ocrx_word' id='word_1_146' title='bbox 612 2404 641 2466; x_wconf 93' lang='lat' dir='ltr'><strong>ei</strong></span> <span class='ocrx_word' id='word_1_147' title='bbox 667 2407 860 2466; x_wconf 87' lang='lat' dir='ltr'><strong>ademturus.</strong></span> <span class='ocrx_word' id='word_1_148' title='bbox 906 2404 995 2483; x_wconf 84' lang='lat' dir='ltr'><strong>Quae</strong></span> <span class='ocrx_word' id='word_1_149' title='bbox 1018 2425 1120 2486; x_wconf 86' lang='lat' dir='ltr'><strong>expo·</strong></span> 
     </span>
     <span class='ocr_line' id='line_1_20' title="bbox 109 2491 1123 2596; baseline -0.004 -22"><span class='ocrx_word' id='word_1_150' title='bbox 109 2510 186 2574; x_wconf 89' lang='lat' dir='ltr'><strong>sitio</strong></span> <span class='ocrx_word' id='word_1_151' title='bbox 207 2531 300 2571; x_wconf 90' lang='lat' dir='ltr'><strong>causa</strong></span> <span class='ocrx_word' id='word_1_152' title='bbox 322 2509 383 2572; x_wconf 81' lang='lat' dir='ltr'><strong>fuit</strong></span> <span class='ocrx_word' id='word_1_153' title='bbox 406 2511 536 2582; x_wconf 81' lang='lat' dir='ltr'><strong>eornm,</strong></span> <span class='ocrx_word' id='word_1_154' title='bbox 561 2527 642 2589; x_wconf 82' lang='lat' dir='ltr'><strong>quae</strong></span> <span class='ocrx_word' id='word_1_155' title='bbox 661 2529 732 2568; x_wconf 89' lang='lat' dir='ltr'><strong>cum</strong></span> <span class='ocrx_word' id='word_1_156' title='bbox 751 2505 957 2570; x_wconf 83' lang='lat' dir='ltr'><strong>detestatione</strong></span> <span class='ocrx_word' id='word_1_157' title='bbox 975 2508 1006 2570; x_wconf 91' lang='lat' dir='ltr'><strong>in</strong></span> <span class='ocrx_word' id='word_1_158' title='bbox 1027 2491 1123 2596; x_wconf 77' lang='lat' dir='ltr'><strong>scena</strong></span> 
     </span>
     <span class='ocr_line' id='line_1_21' title="bbox 110 2608 1122 2694; baseline -0.002 -18"><span class='ocrx_word' id='word_1_159' title='bbox 110 2613 267 2676; x_wconf 83' lang='lat' dir='ltr'><strong>audimus.</strong></span> <span class='ocrx_word' id='word_1_160' title='bbox 312 2611 436 2694; x_wconf 83' lang='lat' dir='ltr'><strong>Atqui</strong></span> <span class='ocrx_word' id='word_1_161' title='bbox 461 2609 536 2672; x_wconf 92' lang='lat' dir='ltr'><strong>dicit</strong></span> <span class='ocrx_word' id='word_1_162' title='bbox 554 2608 646 2686; x_wconf 85' lang='lat' dir='ltr'><strong>talia,</strong></span> <span class='ocrx_word' id='word_1_163' title='bbox 686 2611 850 2692; x_wconf 84' lang='lat' dir='ltr'><strong>quomodo</strong></span> <span class='ocrx_word' id='word_1_164' title='bbox 873 2621 926 2672; x_wconf 92' lang='lat' dir='ltr'><strong>aut</strong></span> <span class='ocrx_word' id='word_1_165' title='bbox 952 2609 1122 2690; x_wconf 75' lang='lat' dir='ltr'><strong>divinatio-</strong></span> 
     </span>
     <span class='ocr_line' id='line_1_22' title="bbox 108 2711 1120 2802; baseline -0.005 -23"><span class='ocrx_word' id='word_1_166' title='bbox 108 2739 180 2779; x_wconf 90' lang='lat' dir='ltr'><strong>nem</strong></span> <span class='ocrx_word' id='word_1_167' title='bbox 211 2713 371 2791; x_wconf 83' lang='lat' dir='ltr'><strong>defendit,</strong></span> <span class='ocrx_word' id='word_1_168' title='bbox 411 2724 464 2776; x_wconf 91' lang='lat' dir='ltr'><strong>aut</strong></span> <span class='ocrx_word' id='word_1_169' title='bbox 490 2711 618 2775; x_wconf 87' lang='lat' dir='ltr'><strong>notitias</strong></span> <span class='ocrx_word' id='word_1_170' title='bbox 646 2712 804 2788; x_wconf 82' lang='lat' dir='ltr'><strong>servabit,</strong></span> <span class='ocrx_word' id='word_1_171' title='bbox 843 2715 925 2776; x_wconf 87' lang='lat' dir='ltr'><strong>unde</strong></span> <span class='ocrx_word' id='word_1_172' title='bbox 957 2713 1058 2802; x_wconf 84' lang='lat' dir='ltr'><strong>pietas</strong></span> <span class='ocrx_word' id='word_1_173' title='bbox 1087 2712 1120 2774; x_wconf 91' lang='lat' dir='ltr'><strong>in</strong></span> 
     </span>
     <span class='ocr_line' id='line_1_23' title="bbox 109 2805 1121 2898; baseline -0.004 -14"><span class='ocrx_word' id='word_1_174' title='bbox 109 2819 215 2884; x_wconf 91' lang='lat' dir='ltr'><strong>Deum</strong></span> <span class='ocrx_word' id='word_1_175' title='bbox 250 2817 411 2893; x_wconf 88' lang='lat' dir='ltr'><strong>nascitur,</strong></span> <span class='ocrx_word' id='word_1_176' title='bbox 458 2827 510 2879; x_wconf 86' lang='lat' dir='ltr'><strong>aut</strong></span> <span class='ocrx_word' id='word_1_177' title='bbox 541 2814 708 2878; x_wconf 86' lang='lat' dir='ltr'><strong>utilitatem</strong></span> <span class='ocrx_word' id='word_1_178' title='bbox 737 2816 872 2898; x_wconf 85' lang='lat' dir='ltr'><strong>aliquam</strong></span> <span class='ocrx_word' id='word_1_179' title='bbox 903 2815 935 2878; x_wconf 93' lang='lat' dir='ltr'><strong>in</strong></span> <span class='ocrx_word' id='word_1_180' title='bbox 965 2805 1121 2881; x_wconf 83' lang='lat' dir='ltr'><strong>vaticiiiiis</strong></span> 
     </span>
     <span class='ocr_line' id='line_1_24' title="bbox 111 2899 1121 3000; baseline 0 -16"><span class='ocrx_word' id='word_1_181' title='bbox 111 2919 293 2986; x_wconf 85' lang='lat' dir='ltr'><strong>monstrat?</strong></span> <span class='ocrx_word' id='word_1_182' title='bbox 337 2921 421 2983; x_wconf 86' lang='lat' dir='ltr'><strong>Nam</strong></span> <span class='ocrx_word' id='word_1_183' title='bbox 452 2916 635 2982; x_wconf 80' lang='lat' dir='ltr'><strong>vaticinatio</strong></span> <span class='ocrx_word' id='word_1_184' title='bbox 668 2918 808 2980; x_wconf 84' lang='lat' dir='ltr'><strong>ereditur</strong></span> <span class='ocrx_word' id='word_1_185' title='bbox 842 2939 911 2980; x_wconf 88' lang='lat' dir='ltr'><strong>esse</strong></span> <span class='ocrx_word' id='word_1_186' title='bbox 944 2899 1121 3000; x_wconf 82' lang='lat' dir='ltr'><strong>praedictio</strong></span> 
     </span>
     <span class='ocr_line' id='line_1_25' title="bbox 108 3019 1120 3102; baseline -0.005 -12"><span class='ocrx_word' id='word_1_187' title='bbox 108 3025 316 3098; x_wconf 67' lang='lat' dir='ltr'><strong>intimorum</strong></span> <span class='ocrx_word' id='word_1_188' title='bbox 346 3022 391 3086; x_wconf 94' lang='lat' dir='ltr'><strong>illi</strong></span> <span class='ocrx_word' id='word_1_189' title='bbox 414 3033 516 3084; x_wconf 87' lang='lat' dir='ltr'><strong>autem</strong></span> <span class='ocrx_word' id='word_1_190' title='bbox 542 3019 727 3102; x_wconf 88' lang='lat' dir='ltr'><strong>Apollinem</strong></span> <span class='ocrx_word' id='word_1_191' title='bbox 748 3019 868 3082; x_wconf 84' lang='lat' dir='ltr'><strong>saeitmt</strong></span> <span class='ocrx_word' id='word_1_192' title='bbox 888 3021 1034 3102; x_wconf 85' lang='lat' dir='ltr'><strong>opificem</strong></span> <span class='ocrx_word' id='word_1_193' title='bbox 1064 3041 1120 3088; x_wconf 79' lang='lat' dir='ltr'><strong>eo·</strong></span> 
     </span>
     <span class='ocr_line' id='line_1_26' title="bbox 110 3123 1168 3210; baseline -0.002 -20"><span class='ocrx_word' id='word_1_194' title='bbox 110 3149 180 3190; x_wconf 88' lang='lat' dir='ltr'><strong>rum</strong></span> <span class='ocrx_word' id='word_1_195' title='bbox 211 3148 292 3210; x_wconf 91' lang='lat' dir='ltr'><strong>quae</strong></span> <span class='ocrx_word' id='word_1_196' title='bbox 315 3125 480 3207; x_wconf 83' lang='lat' dir='ltr'><strong>praedicit.</strong></span> <span class='ocrx_word' id='word_1_197' title='bbox 526 3124 624 3204; x_wconf 84' lang='lat' dir='ltr'><strong>Quod</strong></span> <span class='ocrx_word' id='word_1_198' title='bbox 646 3123 726 3186; x_wconf 89' lang='lat' dir='ltr'><strong>enim</strong></span> <span class='ocrx_word' id='word_1_199' title='bbox 747 3123 889 3186; x_wconf 82' lang='lat' dir='ltr'><strong>futurum</strong></span> <span class='ocrx_word' id='word_1_200' title='bbox 914 3144 979 3186; x_wconf 90' lang='lat' dir='ltr'><strong>non</strong></span> <span class='ocrx_word' id='word_1_201' title='bbox 1001 3125 1118 3200; x_wconf 72' lang='lat' dir='ltr'><strong>fenerat,</strong></span> <span class='ocrx_word' id='word_1_202' title='bbox 1165 3173 1168 3176; x_wconf 85' lang='lat'><em>-</em></span> 
     </span>
     <span class='ocr_line' id='line_1_27' title="bbox 108 3225 1120 3310; baseline -0.003 -16"><span class='ocrx_word' id='word_1_203' title='bbox 108 3231 168 3294; x_wconf 91' lang='lat' dir='ltr'><strong>nisi</strong></span> <span class='ocrx_word' id='word_1_204' title='bbox 195 3251 235 3294; x_wconf 87' lang='lat' dir='ltr'><strong>eo</strong></span> <span class='ocrx_word' id='word_1_205' title='bbox 262 3231 358 3292; x_wconf 91' lang='lat' dir='ltr'><strong>modo</strong></span> <span class='ocrx_word' id='word_1_206' title='bbox 382 3228 469 3290; x_wconf 90' lang='lat' dir='ltr'><strong>Deus</strong></span> <span class='ocrx_word' id='word_1_207' title='bbox 500 3225 635 3290; x_wconf 87' lang='lat' dir='ltr'><strong>dedisset</strong></span> <span class='ocrx_word' id='word_1_208' title='bbox 659 3226 838 3301; x_wconf 86' lang='lat' dir='ltr'><strong>oraculum,</strong></span> <span class='ocrx_word' id='word_1_209' title='bbox 868 3237 909 3304; x_wconf 63' lang='lat' dir='ltr'><strong>⁴et</strong></span> <span class='ocrx_word' id='word_1_210' title='bbox 932 3227 1056 3310; x_wconf 87' lang='lat' dir='ltr'><strong>quidem</strong></span> <span class='ocrx_word' id='word_1_211' title='bbox 1077 3229 1120 3294; x_wconf 89' lang='lat' dir='ltr'><strong>ob</strong></span> 
     </span>
     <span class='ocr_line' id='line_1_28' title="bbox 108 3329 1118 3415; baseline -0.005 -18"><span class='ocrx_word' id='word_1_212' title='bbox 108 3335 140 3397; x_wconf 93' lang='lat' dir='ltr'><strong>id</strong></span> <span class='ocrx_word' id='word_1_213' title='bbox 161 3334 272 3415; x_wconf 84' lang='lat' dir='ltr'><strong>ipsum</strong></span> <span class='ocrx_word' id='word_1_214' title='bbox 297 3332 344 3395; x_wconf 90' lang='lat' dir='ltr'><strong>sie</strong></span> <span class='ocrx_word' id='word_1_215' title='bbox 373 3329 529 3406; x_wconf 85' lang='lat' dir='ltr'><strong>dedisset,</strong></span> <span class='ocrx_word' id='word_1_216' title='bbox 568 3341 620 3392; x_wconf 89' lang='lat' dir='ltr'><strong>ut·</strong></span> <span class='ocrx_word' id='word_1_217' title='bbox 636 3350 717 3412; x_wconf 72' lang='lat' dir='ltr'><strong>qliae</strong></span> <span class='ocrx_word' id='word_1_218' title='bbox 749 3339 862 3410; x_wconf 87' lang='lat' dir='ltr'><strong>postea</strong></span> <span class='ocrx_word' id='word_1_219' title='bbox 891 3341 999 3392; x_wconf 89' lang='lat' dir='ltr'><strong>secuta</strong></span> <span class='ocrx_word' id='word_1_220' title='bbox 1028 3341 1118 3407; x_wconf 85' lang='lat' dir='ltr'><strong>sunt,</strong></span> 
     </span>
     <span class='ocr_line' id='line_1_29' title="bbox 109 3431 1160 3519; baseline -0.003 -20"><span class='ocrx_word' id='word_1_221' title='bbox 109 3438 244 3512; x_wconf 85' lang='lat' dir='ltr'><strong>fierent,</strong></span> <span class='ocrx_word' id='word_1_222' title='bbox 284 3435 448 3519; x_wconf 88' lang='lat' dir='ltr'><strong>quomodo</strong></span> <span class='ocrx_word' id='word_1_223' title='bbox 473 3453 537 3494; x_wconf 88' lang='lat' dir='ltr'><strong>non</strong></span> <span class='ocrx_word' id='word_1_224' title='bbox 565 3453 645 3514; x_wconf 89' lang='lat' dir='ltr'><strong>opus</strong></span> <span class='ocrx_word' id='word_1_225' title='bbox 668 3443 746 3495; x_wconf 80' lang='lat' dir='ltr'><strong>sunt&#39;</strong></span> <span class='ocrx_word' id='word_1_226' title='bbox 763 3431 863 3516; x_wconf 87' lang='lat' dir='ltr'><strong>magis</strong></span> <span class='ocrx_word' id='word_1_227' title='bbox 886 3431 986 3494; x_wconf 84' lang='lat' dir='ltr'><strong>dantis</strong></span> <span class='ocrx_word' id='word_1_228' title='bbox 1005 3453 1120 3496; x_wconf 85' lang='lat' dir='ltr'><strong>orecu·</strong></span> <span class='ocrx_word' id='word_1_229' title='bbox 1157 3481 1160 3484; x_wconf 87' lang='lat'>-</span> 
     </span>
     <span class='ocr_line' id='line_1_30' title="bbox 111 3533 1120 3622; baseline -0.002 -20"><span class='ocrx_word' id='word_1_230' title='bbox 111 3541 175 3602; x_wconf 89' lang='lat' dir='ltr'><strong>lum</strong></span> <span class='ocrx_word' id='word_1_231' title='bbox 199 3561 293 3622; x_wconf 88' lang='lat' dir='ltr'><strong>quam</strong></span> <span class='ocrx_word' id='word_1_232' title='bbox 314 3539 497 3602; x_wconf 88' lang='lat' dir='ltr'><strong>futurorum</strong></span> <span class='ocrx_word' id='word_1_233' title='bbox 522 3533 819 3620; x_wconf 83' lang='lat' dir='ltr'><strong>praesignificatio?</strong></span> <span class='ocrx_word' id='word_1_234' title='bbox 857 3535 953 3615; x_wconf 83' lang='lat' dir='ltr'><strong>Quod</strong></span> <span class='ocrx_word' id='word_1_235' title='bbox 979 3535 1006 3598; x_wconf 89' lang='lat' dir='ltr'><strong>si</strong></span> <span class='ocrx_word' id='word_1_236' title='bbox 1027 3535 1120 3600; x_wconf 84' lang='lat' dir='ltr'><strong>etiam</strong></span> 
     </span>
     <span class='ocr_line' id='line_1_31' title="bbox 110 3632 1121 3728; baseline -0.003 -22"><span class='ocrx_word' id='word_1_237' title='bbox 110 3643 231 3728; x_wconf 86' lang='lat' dir='ltr'><strong>aliquid</strong></span> <span class='ocrx_word' id='word_1_238' title='bbox 252 3643 324 3725; x_wconf 88' lang='lat' dir='ltr'><strong>plus</strong></span> <span class='ocrx_word' id='word_1_239' title='bbox 347 3632 479 3703; x_wconf 75' lang='lat' dir='ltr'><strong>caeteris</strong></span> <span class='ocrx_word' id='word_1_240' title='bbox 502 3637 627 3702; x_wconf 88' lang='lat' dir='ltr'><strong>vatibus</strong></span> <span class='ocrx_word' id='word_1_241' title='bbox 650 3638 739 3700; x_wconf 91' lang='lat' dir='ltr'><strong>Deos</strong></span> <span class='ocrx_word' id='word_1_242' title='bbox 761 3639 879 3702; x_wconf 85' lang='lat' dir='ltr'><strong>babere</strong></span> <span class='ocrx_word' id='word_1_243' title='bbox 903 3649 1052 3720; x_wconf 86' lang='lat' dir='ltr'><strong>oportet,</strong></span> <span class='ocrx_word' id='word_1_244' title='bbox 1076 3639 1121 3703; x_wconf 83' lang='lat' dir='ltr'><strong>ita</strong></span> 
     </span>
    </p>
   </div>
   <div class='ocr_carea' id='block_1_8' title="bbox 110 3737 1239 3827">
    <p class='ocr_par' dir='ltr' id='par_1_8' title="bbox 110 3737 1239 3827">
     <span class='ocr_line' id='line_1_32' title="bbox 110 3737 1239 3827; baseline -0.006 -19"><span class='ocrx_word' id='word_1_245' title='bbox 110 3757 145 3808; x_wconf 91' lang='lat' dir='ltr'><strong>ut</strong></span> <span class='ocrx_word' id='word_1_246' title='bbox 172 3758 204 3808; x_wconf 89' lang='lat' dir='ltr'><strong>et</strong></span> <span class='ocrx_word' id='word_1_247' title='bbox 231 3743 462 3827; x_wconf 86' lang='lat' dir='ltr'><strong>opitularentur</strong></span> <span class='ocrx_word' id='word_1_248' title='bbox 488 3743 527 3804; x_wconf 87' lang='lat' dir='ltr'><strong>ad</strong></span> <span class='ocrx_word' id='word_1_249' title='bbox 555 3761 623 3802; x_wconf 84' lang='lat' dir='ltr'><strong>rem</strong></span> <span class='ocrx_word' id='word_1_250' title='bbox 649 3740 806 3817; x_wconf 84' lang='lat' dir='ltr'><strong>suturam,</strong></span> <span class='ocrx_word' id='word_1_251' title='bbox 842 3753 878 3804; x_wconf 92' lang='lat' dir='ltr'><strong>ut</strong></span> <span class='ocrx_word' id='word_1_252' title='bbox 906 3761 943 3804; x_wconf 88' lang='lat' dir='ltr'><strong>ea</strong></span> <span class='ocrx_word' id='word_1_253' title='bbox 969 3741 1015 3804; x_wconf 86' lang='lat' dir='ltr'><strong>sie</strong></span> <span class='ocrx_word' id='word_1_254' title='bbox 1041 3763 1121 3823; x_wconf 86' lang='lat' dir='ltr'><strong>pro·</strong></span> <span class='ocrx_word' id='word_1_255' title='bbox 1225 3737 1239 3750; x_wconf 74' lang='grc'><em>“</em></span> 
     </span>
    </p>
   </div>
   <div class='ocr_carea' id='block_1_9' title="bbox 111 3843 1121 4030">
    <p class='ocr_par' dir='ltr' id='par_1_9' title="bbox 111 3843 1121 4030">
     <span class='ocr_line' id='line_1_33' title="bbox 111 3843 1121 3927; baseline -0.006 -16"><span class='ocrx_word' id='word_1_256' title='bbox 111 3861 202 3911; x_wconf 82' lang='lat' dir='ltr'><strong>vecta</strong></span> <span class='ocrx_word' id='word_1_257' title='bbox 216 3847 273 3909; x_wconf 87' lang='lat' dir='ltr'><strong>fiat</strong></span> <span class='ocrx_word' id='word_1_258' title='bbox 296 3848 381 3927; x_wconf 86' lang='lat' dir='ltr'><strong>(nam</strong></span> <span class='ocrx_word' id='word_1_259' title='bbox 399 3857 430 3908; x_wconf 90' lang='lat' dir='ltr'><strong>et</strong></span> <span class='ocrx_word' id='word_1_260' title='bbox 445 3847 569 3910; x_wconf 84' lang='lat' dir='ltr'><strong>Po&#39;e&#39;tae</strong></span> <span class='ocrx_word' id='word_1_261' title='bbox 592 3843 625 3906; x_wconf 89' lang='lat' dir='ltr'><strong>id</strong></span> <span class='ocrx_word' id='word_1_262' title='bbox 647 3845 685 3906; x_wconf 91' lang='lat' dir='ltr'><strong>de</strong></span> <span class='ocrx_word' id='word_1_263' title='bbox 707 3843 750 3906; x_wconf 88' lang='lat' dir='ltr'><strong>eis</strong></span> <span class='ocrx_word' id='word_1_264' title='bbox 775 3856 933 3926; x_wconf 86' lang='lat' dir='ltr'><strong>perpetuo</strong></span> <span class='ocrx_word' id='word_1_265' title='bbox 959 3845 1121 3908; x_wconf 86' lang='lat' dir='ltr'><strong>celebrant</strong></span> 
     </span>
     <span class='ocr_line' id='line_1_34' title="bbox 111 3946 1121 4030; baseline -0.005 -16"><span class='ocrx_word' id='word_1_266' title='bbox 111 3971 179 4014; x_wconf 83' lang='lat' dir='ltr'><strong>esse</strong></span> <span class='ocrx_word' id='word_1_267' title='bbox 204 3965 261 4014; x_wconf 85' lang='lat' dir='ltr'><strong>eos</strong></span> <span class='ocrx_word' id='word_1_268' title='bbox 287 3951 447 4014; x_wconf 87' lang='lat' dir='ltr'><strong>bonorum</strong></span> <span class='ocrx_word' id='word_1_269' title='bbox 475 3949 616 4026; x_wconf 84' lang='lat' dir='ltr'><strong>datores)</strong></span> <span class='ocrx_word' id='word_1_270' title='bbox 648 3957 680 4008; x_wconf 87' lang='lat' dir='ltr'><strong>at</strong></span> <span class='ocrx_word' id='word_1_271' title='bbox 706 3947 876 4010; x_wconf 74' lang='lat' dir='ltr'><strong>secumdum</strong></span> <span class='ocrx_word' id='word_1_272' title='bbox 909 3969 946 4012; x_wconf 88' lang='lat' dir='ltr'><strong>ea</strong></span> <span class='ocrx_word' id='word_1_273' title='bbox 972 3967 1053 4030; x_wconf 81' lang='lat' dir='ltr'><strong>qnae</strong></span> <span class='ocrx_word' id='word_1_274' title='bbox 1074 3946 1121 4012; x_wconf 91' lang='lat' dir='ltr'><strong>illi</strong></span> 
     </span>
    </p>
   </div>
   <div class='ocr_carea' id='block_1_10' title="bbox 0 0 1396 4790">
    <p class='ocr_par' dir='ltr' id='par_1_10' title="bbox 0 0 1396 4790">
     <span class='ocr_line' id='line_1_35' title="bbox 0 0 1396 4790; baseline 0 0"><span class='ocrx_word' id='word_1_275' title='bbox 0 0 1396 4790; x_wconf 95' lang='lat' dir='ltr'><strong> </strong></span> 
     </span>
    </p>
   </div>
  </div>
 </body>
</html>
