2828 4792
273 420 315 486 28

268 583 381 680 χάραν
405 587 489 677 ἔχει,
528 582 572 666 ὡς
597 587 654 653 καὶ
675 577 762 652 ἀυτό
787 580 827 651 τό
853 577 981 678 ὁπότερ’
997 583 1087 672 ἔτυχε
1108 575 1281 669 λεγόμενον

270 696 362 758 ποιεῖ
378 686 558 782 γνώριμον,
589 682 683 756 τόδ
706 688 740 770 ἐξ
760 681 905 774 ἀνάγκης
920 688 953 770 ²)
969 683 1032 755 ὀὐκ
1053 683 1212 773 ἐνδέχεται
1233 682 1280 769 μῆ

270 793 438 880 γίνεσθαι.
480 795 577 880 Λέγω
595 793 669 873 δὲί)
685 787 724 858 τὸ
737 785 918 878 ἀναγκαῖον
932 786 995 858 οὐκ
1015 792 1067 858 ἐπὶ
1080 789 1141 856 τοῦ
1154 788 1215 879 βίῳ
1229 809 1280 872 γι-

269 898 425 984 νομένου,
444 898 527 984 μηδὲ
540 891 629 962 κατά
641 889 764 961 τούτου
777 899 827 972 τίς
839 895 1008 962 έυθυνέτοι
1021 887 1184 979 τόόνάμα,
1208 883 1277 956 ἀλλ’

269 999 323 1065 ἐπὶ
338 1001 401 1066 τῶν
415 993 515 1092 φύσει
528 1000 704 1085 γινομένων
718 989 748 1077 4)
763 991 828 1063 ὑπό
840 1019 945 1077 τινων,
959 984 1004 1063 ὧν
1019 991 1062 1062 τά
1076 990 1280 1080 ἀντικείμενα

269 1095 434 1168 ἀδύνατον
451 1100 499 1183 ε’ίη
513 1103 674 1187 γενέσθαι
693 1100 732 1179 ⁵).
774 1099 846 1166 Καί
867 1123 922 1166 τοι
936 1099 1005 1219 πῶς
1023 1093 1083 1165 οὐκ
1099 1093 1210 1164 άτοπα
1223 1100 1280 1162 καί

267 1199 364 1294 παρά
382 1199 426 1270 τά
444 1203 565 1295 ἐναργῆ
584 1207 642 1268 καὶ
661 1203 757 1323 μέχρι
772 1196 896 1276 τούτου
910 1197 969 1282 τῆν
982 1196 1127 1287 ἀνάγκης
1140 1202 1279 1291 προεληι

268 1309 413 1374 λυθέναι
426 1300 591 1394 λέγειν,
568 1331 612 1384 ως
624 1300 706 1394 μῆτε
720 1304 902 1385 κινηθῆναί
916 1329 992 1372 τινα
1003 1299 1222 1426 δάνασθριι’
1189 1326 1279 1384 κιυη

268 1409 321 1478 σίν
335 1419 429 1490 τινα,
450 1404 530 1496 μῆτε
545 1406 676 1489 κινῆσαί
697 1430 729 1474 τι
749 1407 813 1472 τάν
828 1402 932 1473 ἀυτοῦ
916 1408 1051 1526 μερῶν
1065 1399 1154 1487 ⁶)‚‘'
1131 1430 1173 1488 ην
1192 1404 1279 1486 ιιίνη

267 1535 323 1580 σιν
332 1517 389 1579 καὶ
397 1538 447 1628 μη
434 1504 682 1579 κινεῖσθαι’
645 1533 719 1575 τοτε
730 1503 812 1589 ⁷)‘
775 1502 846 1575 οιόν
860 1532 895 1575 τε
909 1494 951 1589 ῆν
959 1558 967 1589 ,
989 1504 1122 1574 ἀλλά
1088 1531 1147 1589 την
1161 1507 1278 1596 τυχοῦ-

268 1637 333 1683 σαν
352 1614 413 1681 τοῦ
438 1607 604 1706 τραχήλου
628 1607 868 1703 περιστροφὴν,
908 1616 966 1677 καί
989 1607 1048 1692 τὴν
1070 1605 1264 1677 δακτύλουο
1265 1618 1277 1690 )

266 1713 357 1796 τινὸς
370 1715 511 1797 ἔκτασιν,
525 1719 581 1782 καί
596 1709 634 1781 τὸ
649 1716 769 1804 ἐπᾷραι
784 1710 827 1780 τά
839 1715 997 1806 βλέφαρα
1010 1709 1032 1794 ῆ
1045 1717 1078 1781 τί
1091 1713 1154 1780 τῶν
1167 1707 1282 1782 τοιοά-

266 1843 349 1901 των,
374 1819 637 1938 προηγουμέναις
650 1822 736 1884 τισίν
750 1811 874 1894 ἀιτίαις
887 1809 1072 1944 έπόμεμον,
1075 1810 1144 1882 ἀλλ’
1162 1809 1206 1894 ὡς
1218 1810 1274 1907 ἀφ’

266 1917 358 2009 ἡμῶν
375 1917 422 2010 μῆ
444 1915 619 1988 δύνασθαι
638 1919 796 2006 γίνεσθαί
810 1943 909 2002 ποτες
938 1923 994 1986 καί
1008 1919 1116 1986 ταῦτα
1130 1912 1277 2009 ὁρῶντας

266 2026 301 2094 ἐν
316 2027 386 2102 τοῖς
403 2017 477 2090 ὃῦσί
495 2047 531 2090 τε
550 2027 608 2090 καί
631 2025 814 2110 γινομένοις
834 2017 999 2103 πολλῆν’
983 2024 1088 2090 οὖσαν
1108 2017 1277 2142 διμφρρόν

266 2127 331 2195 τάν
343 2119 566 2218 πραγμάτων,
588 2113 655 2207 ἐξ
633 2151 674 2208 ης
685 2111 837 2245 ρ’άδιον’
817 2149 858 2207 ην
872 2117 1060 2212 μαθεῖν,”
1040 2149 1093 2193 οτι
1105 2120 1152 2214 μὴ
1165 2119 1275 2194 πάντα

265 2231 433 2298 ένδέδοται
453 2231 482 2308 9)
503 2233 578 2306 ταῖς
596 2222 770 2305 τοιαύταις
789 2222 922 2306 ἀιτίαις.
962 2223 1104 2320 Ὁρῶμεν
1116 2228 1198 2314 γοῦν
1211 2225 1275 2294 τῶν

265 2329 370 2402 ἴντιιν
383 2333 442 2412 ¹⁰),
463 2325 508 2396 τά
519 2333 579 2417 μέν
593 2353 667 2397 τινα
684 2325 839 2416 οὐδεμίαν
856 2330 973 2418 ἔχοντα
990 2327 1128 2419 δύναμιν
1147 2332 1212 2422 τῆς
1226 2330 1274 2407 εἰς

265 2430 541 2519 τὸάντικείμενον
560 2423 622 2500 τοῦ
640 2433 675 2499 έν
691 2422 718 2525 ᾧ
733 2435 822 2515 ἐστι,
843 2436 1043 2523 μεταβολῆς,
1065 2430 1109 2501 τά
1127 2436 1161 2500 δὲ
1178 2429 1273 2500 οὐδὲν

264 2538 393 2627 μάλλον
406 2533 514 2604 ἀυτῶν
524 2535 558 2602 ἐν
567 2535 615 2626 τῷ
627 2530 853 2628 ἀντικειμένῳ,
874 2534 940 2619 ῆέν
953 2528 1094 2628 ᾦέστιν,
1117 2538 1201 2604 έίναι
1215 2539 1273 2604 δυ-

264 2634 407 2728 νάμενα·
428 2639 492 2728 πῦρ
511 2644 573 2724 μὲν
590 2634 655 2727 γάρ
675 2634 734 2706 οὐκ
752 2633 858 2707 ὁῐόντε
872 2639 1039 2721 δέξασθαι
1053 2635 1270 2733 ψυχρότητα,

263 2735 338 2825 ῆτις
352 2743 440 2810 ἐστιν
453 2739 585 2810 ἐναντία
598 2741 637 2834 τῆ
651 2736 812 2834 συμφύτῳ
820 2738 1014 2866 θερμότητι
1029 2745 1090 2825 ¹¹),
1112 2740 1181 2810 ἀλλ
1193 2741 1271 2812 οὐδὲ

263 2842 343 2968 χιὼν
357 2838 482 2925 δέξαιτ’
500 2838 543 2910 ἀν
556 2839 763 2934 θερμότητα,
772 2841 853 2932 χιὼν
865 2848 1021 2933 μένουσα,
1033 2837 1121 2938 ὕδωρ
1135 2850 1187 2928 δέ,
1210 2846 1272 2940 κάν

240 2981 242 2992 ·
263 2935 453 3072 ᾗεγυχρὸν,
479 2940 539 3012 οὐκ
559 2940 724 3014 ἀδύνατον
737 2943 931 3034 ἀποβάλλον
942 2944 1082 3032 ταύτην,
1104 2950 1273 3032 δέξασθαι

264 3047 325 3132 τῆν
345 3049 494 3118 ἐναντίαν
518 3044 602 3145 ἀυτῆ
626 3043 833 3141 θερμότητα.
872 3047 1010 3139 Ὁμοίοις
1024 3056 1060 3120 δὲ
1075 3060 1130 3122 καί
1151 3079 1197 3146 τῳ
1211 3051 1273 3124 ἀυ

263 3153 311 3245 τῳ
335 3151 381 3234 ¹²)
403 3148 544 3219 δυνατὸν
567 3157 625 3219 καί
645 3149 704 3220 τὸν
723 3147 950 3241 καθεζόμενον
970 3156 1105 3238 στῆναι,
1137 3154 1274 3227 καὶτὸν

264 3249 454 3343 κινούμενον
467 3250 671 3378 ἠρεμῆσαι,
682 3279 738 3321 και
759 3251 817 3322 τὸν
838 3257 1002 3325 λαλοῦντα
1025 3261 1180 3346 σιγῆσαι,
1215 3267 1273 3330 καὶ

265 3359 317 3426 ἐπι
328 3357 453 3449 μυρίων
467 3352 558 3448 ίύροι
577 3380 629 3435 τις
649 3352 690 3424 ἀν
704 3351 842 3445 δυ’ναμίν
859 3382 935 3428 τινα
949 3357 1195 3454 ἐνυπάρχουσαν
1208 3365 1274 3434 τάν

265 3460 417 3530 ἐναντίου
436 3447 648 3541 δεκτικὴν,’
623 3483 667 3528 ων
680 3460 710 3527 ἐι
723 3483 767 3526 τα
753 3455 846 3542 ι’ἐξ
826 3457 971 3550 ανάγκης
990 3461 1071 3532 ὅντα
1086 3467 1119 3534 έν
1132 3471 1272 3592 θατέρῳ

264 3559 325 3632 οὐκ
339 3562 405 3652 ἔχει
424 3557 564 3682 δύναμιν
584 3585 643 3630 του
628 3561 831 3644 δέξασθαι
847 3589 906 3662 του
919 3567 953 3634 ἐν
967 3591 1001 3658 ῳ
1008 3570 1095 3651 ἐστι,
1116 3567 1155 3636 τὸ
1180 3572 1272 3640 ίναν-

263 3667 349 3748 τίον,
372 3661 431 3733 οὐκ
446 3661 512 3746 έξ’
492 3658 637 3749 ανάγκης
658 3661 700 3732 ἀίν
712 3667 795 3748 ε’ίη
779 3691 813 3736 εν
816 3663 880 3756 ὁῑς
893 3669 965 3737 έστι
977 3665 1023 3738 τά
1035 3675 1166 3740 καὶτοῦ
1180 3675 1272 3743 ἐναν-

263 3769 336 3836 τίου
350 3765 465 3845 ἀυτοῖς
478 3761 621 3834 δεκτικά
650 3762 703 3837 ’Ec
715 3770 752 3836 δέ
765 3796 811 3857 μη
798 3765 890 3851 ἐξ
870 3766 1030 3858 ανάγκης,
1052 3775 1272 3864 ἐνδεχομένως.

269 3869 317 3938 Τό
331 3874 367 3939 δὲ
382 3871 591 3958 ἐνδεχομένως
605 3869 691 3951 ¹³)''
672 3894 706 3938 εν
725 3896 790 3940 τινι
812 3867 916 3952 όότιες
933 3877 1024 3942 ἐστίν
1045 3878 1079 3944 έν
1099 3873 1205 4000 ἀυτῳ,
1225 3877 1271 3962 τίς

265 3970 324 4042 οὐκ
338 3968 404 4056 ἒξ’
384 3967 538 4058 ἀνάγκης,
552 3968 663 4042 ἀλλ’
640 3999 684 4053 ως
694 3975 934 4063 ἐνδεχομένως
918 4001 952 4044 εν
964 3973 1057 4070 ἀυτῳ
1070 3979 1203 4067 γεγονός
1216 3977 1270 4066 ¹⁴).
