2758 4790
255 361 316 473 21¹2

256 569 370 670 ίίροσς,
392 579 584 664 κοινωνοῦσι
597 583 667 655 τοῖς
687 571 963 700 πλησιοχώροις’
947 575 1062 673 εορτήν
1083 605 1159 651 τινα
1178 579 1252 651 vaiv-

254 707 314 764 την
335 679 542 804 ἡγουμένοις·
564 672 642 762 ἐξ
617 705 661 749 ων
682 678 1012 769 συλλαμβάνουσαι
995 689 1253 806 υποστρίφρυσι,

255 792 310 853 καλ
342 781 528 906 ἀναγκαίως
556 785 590 852 ἓν
616 786 661 851 ἐνὶ
689 786 793 878 καιρῶ
821 780 1061 855 ἆποκυίσκουσι
1088 785 1175 856 κατά
1201 785 1256 856 τὸν

254 889 314 970 τῆς
334 881 463 981 φύσεως
483 882 603 974 νόμον,
626 891 682 954 καὶ
707 884 784 965 τούς
803 894 865 974 μὲν
885 893 1102 978 γεννωμένους
1122 887 1257 982 άῤῥενας

255 991 409 1081 ῥίπτουσι
428 991 490 1070 ¹9),
511 987 571 1068 τάς
592 993 628 1057 δὲ
649 990 791 1071 θηλείας
812 985 1055 1085 άνατρέφουσι·
1085 994 1258 1082 πολεμικαὶ

255 1096 293 1161 δέ
319 1094 382 1160 ἐισι
414 1095 471 1159 καὶ
505 1091 692 1180 γυμνασίων
722 1091 976 1183 προνοούμεναι.
1023 1091 1146 1187 Ἑρμῆς
1177 1095 1258 1184 μετά

251 1191 455 1287 Ἀφροδίτης
476 1197 510 1263 ἐν
531 1191 634 1274 ὀίκοις
644 1189 766 1286 Ἑρμοῦ
786 1201 877 1263 ποιεῖ
892 1193 1043 1278 πλάστας
1063 1206 1121 1266 καὶ
1138 1194 1261 1291 ζωγράψ

254 1323 358 1393 φους,
388 1303 445 1366 καί
465 1297 674 1390 τραπεζίτας·
707 1299 741 1365 ἐν
762 1294 865 1377 ύίκοις
886 1302 922 1367 δὲ
938 1297 1144 1395 Ἀφροδίτης
1163 1327 1259 1393 μυρι-

254 1399 360 1497 ψούς,
382 1407 437 1469 καὶ
459 1395 656 1495 φωνάσκους
675 1403 732 1467 καὶ
752 1395 933 1494 ὑποκριτάς
952 1400 1158 1532 ποιημάτων.
1192 1406 1262 1472 Καὶ

253 1502 347 1597 παρά
373 1500 545 1582 Ταϊνοῖς2
548 1503 578 1586 ο)
599 1507 655 1570 καὶ
675 1503 892 1594 Σαρακηνοῖς
912 1503 958 1587 ²¹)
983 1509 1039 1574 κάι
1060 1508 1096 1576 εν
1116 1508 1158 1604 τῇ
1179 1502 1262 1574 άνω-

254 1611 336 1699 τέρα
355 1601 486 1700 Λιβύη,
506 1610 564 1673 και
584 1602 678 1694 παρά
691 1602 863 1698 Μαύροις,
885 1611 942 1676 καί
962 1607 1055 1701 παρά
1077 1616 1161 1690 τοῖς.
1173 1607 1264 1702 παρά

254 1708 309 1777 τὸ
306 1706 425 1798 στόμα
442 1705 603 1777 Ὠκεανοῦ
599 1705 777 1834 Νομάσι,
813 1715 870 1778 καὶ
898 1712 932 1779 ἐν
958 1735 1013 1807 τη
982 1713 1162 1806 ἕξωτέρα
1183 1717 1263 1805 Γερ·

251 1813 374 1905 μανία,
396 1813 507 1880 καὶέν
489 1835 567 1906 ντη
589 1807 738 1904 άνωτίρα
752 1815 956 1906 Σαρματία,
977 1821 1034 1882 καὶ
1055 1817 1090 1884 ἐν
1112 1841 1163 1912 τη.
1136 1819 1264 1885 ”Euv-

252 1917 338 2034 θίρι,
375 1921 443 1984 καὶ
458 1917 492 1982 ἐν
515 1917 599 1982 πάσι
620 1920 691 1993 τοῖς
711 1916 745 1997 ἐξ
760 1912 941 2008 Ἀρκτικῶν
960 1919 1067 2010 μερῶν
1089 1921 1152 1987 τού
1173 1915 1263 1988 Πόν-

153 2061 159 2074 ·
254 2021 314 2086 τοῦ
336 2019 467 2100 ἔθνεσι,
502 2023 558 2086 καὶ
580 2009 701 2112 άλη
661 2043 701 2112 τῃ
717 2014 932 2112 Ἀλανία)
881 2019 917 2058 22
919 2025 1021 2102 )καὶ
1026 2018 1198 2115 Ἀλβανία
1217 2022 1264 2106 ²³)

254 2128 310 2190 καὶ
327 2117 450 2217 Ὠτηνῇ
470 2115 520 2205 24)
541 2125 597 2189 καί
617 2115 755 2215 Σαυνίρι
775 2120 825 2205 25)
847 2126 940 2190 μαλ’
924 2147 958 2190 εν
981 2127 1101 2221 Χρυση
1123 2121 1241 2210 ²⁶)'
1207 2150 1264 2194 ουκ

254 2223 344 2294 ἔστιν
365 2229 460 2308 ἰδεῖν,
483 2222 522 2293 ού
544 2227 754 2318 τραπεζίτην,
775 2251 814 2292 ου
802 2221 994 2309 ’πλάστην,
1017 2253 1056 2294 ου
1044 2224 1264 2324 ζάγραιμον,

254 2325 316 2396 σύν
343 2325 576 2421 άργιτίιιτονα,
613 2323 653 2395 ού
674 2331 873 2420 γεωμέτρην,
905 2325 944 2398 ού
974 2324 1173 2426 φάνασιιον.
1193 2329 1267 2422 ούχ

253 2427 451 2524 ὑποκριτήν
461 2425 666 2520 ποιημάτων
702 2425 772 2498 ἀλλ’
796 2427 1006 2524 ἐστέρηται
989 2459 1008 2500 ο
1031 2458 1091 2516 της
1113 2437 1178 2504 τοῦ
1195 2431 1268 2523 Ἑρ-

255 2536 321 2624 μοῶ
342 2541 398 2602 καὶ
418 2537 478 2617 τῆς
493 2531 735 2628 Αφροδίτης’
718 2535 880 2626 ενεργείας
907 2531 1030 2629 τρόπος
1057 2540 1092 2606 ἕν
1122 2531 1192 2606 ὅλω
1224 2539 1268 2606 τῶ

256 2635 363 2707 κύκλω
388 2633 495 2730 τούτῳ
522 2639 581 2720 τῆς
608 2633 807 2726 οἰκουμένης·
853 2638 894 2706 Οἱ
913 2641 1029 2721 Μῆδοι
1049 2637 1178 2722 πάντες
1200 2609 1267 2720 τοῖς

179 2771 187 2784 ’
252 2739 349 2831 μετά
346 2742 504 2822 σπουδῆς
525 2742 740 2834 τρεφομένοις
765 2744 840 2808 κυσὶ
845 2737 945 2862 τοίγς
971 2741 1108 2835 νεκρούς
1138 2745 1188 2814 ἔτι
1215 2748 1269 2834 ε’μ-

252 2849 412 2923 πνέοντας
431 2839 705 2932 παραβάλλουσι·
741 2847 798 2911 καί
819 2838 858 2912 ού
878 2840 998 2924 πάντες
1019 2843 1080 2916 σύν
1102 2850 1146 2945 τῇ
1167 2843 1267 2943 Μήνρ

253 2944 314 3014 τὸν
336 2942 484 3039 Ἀρία
467 2949 664 3067 εφημερινῆς
691 2951 843 3034 γενέσεως
869 2949 903 3018 ἐν
930 2949 1139 3042 Καριιίνῳί
1120 2950 1188 3020 υπὸ
1209 2951 1270 3039 γῆν

251 3047 393 3139 ἔχουσιν.
409 3046 513 3118 Ἰνδοὶ
534 3047 612 3130 τούς
631 3047 763 3143 νεκρούς
784 3052 936 3132 ναίουσι,
956 3043 1087 3141 μεθ’
1061 3079 1108 3122 ων
1131 3053 1268 3143 συγκαί-

253 3175 331 3222 ουσι
351 3148 491 3234 ἑκούσας
510 3149 572 3232 τάς
592 3159 768 3240 γυναῖκας·
804 3159 860 3221 καί
889 3150 928 3221 ού
956 3150 1062 3238 δήπου
1092 3160 1208 3227 πάσαι
1235 3160 1270 3224 αί

252 3252 428 3347 καιόμεναι
448 3259 550 3339 ζῶσαι
566 3253 682 3324 Ἰνδῶν
702 3261 853 3342 γυναῖκες
866 3257 1003 3345 ,ἔχουσιν
1027 3253 1094 3326 ύπὸ
1125 3263 1192 3348 γῆν
1220 3263 1270 3328 ε’πὶ

253 3384 441 3452 νυκτερινης
467 3364 619 3448 γενέσεως
645 3356 705 3426 σύν
717 3356 814 3488 Ἄρει
842 3355 899 3427 τὸν
912 3352 1085 3428 Ἥλιον’
1067 3379 1104 3429 εν
1127 3369 1269 3443 Λέοντι,

252 3460 360 3556 ὁρίοις
376 3461 507 3556 Ἄρεος.
548 3447 725 3551 Γερμανῶν
746 3465 778 3528 οἱ
799 3459 994 3530 πλείστοι’
974 3468 1186 3583 αγχονιμαίῳ
1209 3461 1270 3555 μύ-

252 3591 302 3660 ρῳ
324 3562 580 3650 ἀποθνήσκουσι
608 3563 657 3647 27)
685 3568 742 3631 καὶ
762 3559 802 3632 ού
823 3560 952 3644 πάντως
973 3563 1011 3632 τὸ
1032 3570 1179 3650 πλῆθος
1208 3570 1272 3636 τῶν

254 3671 430 3762 Ιλερμανῶν
456 3667 516 3751 τὴν
536 3663 689 3750 Σελήνην
715 3674 772 3735 και
798 3664 858 3750 τὴν
882 3661 971 3761 ῶραν
991 3673 1272 3759 μεσολαβομίνας

252 3767 319 3840 ὑπὸ
340 3768 477 3862 Κρόνου
504 3775 560 3837 καὶ
574 3768 695 3861 ’Ἄρεος
723 3769 795 3859 ἔχει.
837 3776 948 3840 Παντὶ
976 3771 1071 3840 άίίνει
1096 3771 1271 3866 καὶπάση

249 3871 362 3967 ἡμέρᾳ
383 3881 438 3942 καὶ
460 3878 558 3940 παντὶ
579 3869 670 3963 τύπῳ
691 3875 750 3955 τῆς
770 3877 922 3966 γςνέσειος
943 3879 992 3955 ²⁸)
1014 3879 1200 3961 γεννῶνται
1215 3875 1272 3943 άν-

252 3982 408 4070 θρωποι·
444 3980 561 4068 κρατεῖ
577 3979 614 4044 δὲ
639 3980 675 4043 ἐν
704 3971 823 4072 ἑκάστῃ
854 3978 956 4069 μοίρᾳ
985 3980 1048 4046 τῶν
1070 3974 1272 4072 ἀνθρώπων
