2758 4790
283 382 370 446 fflfi'

233 583 235 590 ·
280 545 387 642 ἀστῷ,
408 551 463 620 καί
484 543 542 618 διά
560 547 624 615 τῶν
641 541 805 616 κολάσεων
819 539 941 630 ταότηυ
954 542 1187 641 ἐπανόρθωσιν
1202 545 1275 632 τοὺς

279 651 385 733 θεοὺς
404 651 684 748 μεμηχανῆσθαις
706 641 749 730 όίς
769 675 850 718 ποτε
871 651 916 744 τῷ
934 653 1148 734 κολασθῆναί
1169 678 1202 722 τε
1223 661 1275 722 καὶ

280 757 374 840 δίκην
400 757 570 824 δεδωκέναι
597 749 819 840 ἀπαλλαγέντι
853 754 914 838 τῆς
946 754 1079 837 κακίας,
1125 750 1196 824 ὁῐόν
1221 781 1276 848 περ

279 855 382 930 νόσον
410 852 561 945 σώματος
592 859 756 938 δηκτικοῑς
781 879 816 923 τε
843 861 900 925 καί
932 852 1085 950 ἀνιαροῖς
1105 882 1173 926 τισι
1195 885 1278 954 φαρ-

278 957 418 1051 μάκοις,
455 954 589 1047 ἄμεινόν
614 984 648 1026 τε
675 959 799 1049 πρᾶξαι
826 961 970 1046 γένοιτο,
1005 965 1062 1028 καί
1090 963 1278 1055 ἐλευθερίας

279 1060 353 1132 ἀντὶ
374 1063 523 1141 δουλείας
541 1057 823 1152 μεταλαμβάνειν,
860 1054 941 1131 ότου
971 1058 1017 1152 μὴ
1046 1059 1214 1156 ἠπιωτέρα
1234 1092 1281 1145 τις

281 1160 533 1258 ἐπανόρθωσις,
565 1162 623 1233 διά
641 1166 899 1258 μοχθηροτέραν
927 1161 1003 1234 τινά
1028 1165 1113 1250 ἕξιν,
1150 1163 1281 1238 δύναιτο

259 1251 518 1352 Ικαθίκεσθαι,
554 1259 622 1348 όίςέ
652 1263 747 1336 οὐδὲν
768 1263 810 1336 άν
830 1261 964 1336 κωλύειν
985 1273 1042 1336 καί
1061 1265 1207 1351 ἀκοντας
1226 1297 1283 1340 κα·

279 1371 359 1452 κοός
380 1368 479 1450 ὄντας
500 1368 578 1451 τοὺς
598 1368 736 1453 κακοὺς,
763 1363 851 1460 ὅμως
871 1362 1095 1456 κολάζεσθαι,
1117 1371 1222 1442 κακὸν
1240 1376 1282 1456 ¹¹)

279 1483 341 1567 μὲν
362 1471 458 1544 οὐδὲν
486 1479 799 1567 προςπεισομένοος,
840 1468 909 1540 ἀλλ’
944 1470 1216 1569 ὧφελησομίυους
1241 1478 1284 1569 τῷ

279 1574 496 1660 κολάζεσθαι.
534 1573 596 1657 Ὡς
615 1585 676 1667 μὲν
697 1573 755 1646 ὀῦν
776 1576 839 1644 έισί
860 1580 891 1643 οἱ
911 1581 1009 1661 θεοί,
1046 1583 1103 1646 καί
1134 1575 1179 1659 ὡς
1205 1605 1283 1672 προ-

253 1683 413 1752 ινοοιῖσιυ
434 1675 639 1774 ἀνθρώπων,
674 1683 730 1748 καὶ
752 1675 795 1759 ὦς’
821 1675 860 1748 οό
888 1681 996 1748 κακῶν
1024 1676 1128 1748 ἀίτιοι
1156 1689 1213 1750 καὶ
1241 1679 1282 1761 ἀς

280 1786 457 1881 έιμαρμένῃ
478 1779 719 1876 ἀπαρατρέπτῳ
741 1778 780 1851 τὸ
801 1785 973 1870 βέλτιστον
993 1779 1148 1866 ἑκάστοις
1170 1782 1283 1854 ἀπονέ-

279 1911 416 1975 μουσιν,
451 1881 495 1968 ὡς
519 1887 600 1974 γοῦν
626 1886 764 1978 μετρίοις
791 1886 970 1979 έιρῆσθαι,
1004 1890 1126 1970 ίκανῶς
1154 1886 1219 1974 ἤδη
1242 1891 1282 1958 έι·

281 1985 415 2082 ρὴσθω.

670 2157 892 2178 m

279 2335 587 2434 ΒΗΣξΑΡιοω
620 2309 955 2407 mamm
989 2337 1082 2406 τοι
1115 2335 1287 2408 Σοοωι

363 2478 453 2546 ΚΑΙ
483 2477 800 2550 ΔΙΔΑΣΚΑΑΩΙ
821 2481 853 2546 Ι
850 2475 1062 2548 ΕΩΡΓΙΩΙ
1092 2479 1192 2550 ΤΩΙ
1215 2480 1285 2550 ΓΕ-

363 2617 551 2688 ΜΙΣΤΩΙ
570 2619 605 2686 Ε
610 2619 640 2684 Y
655 2619 758 2685 ΠΡΑ
762 2619 917 2686 ΤΤΕΙΝ.

551 2781 663 2867 Περί
699 2782 1008 2868 ἓιμαρμένης.

345 2912 392 2985 Οὐ
413 2911 478 3006 μὴν
498 2911 584 2984 ἀλλά
604 2921 661 2984 καί
682 2912 721 2984 τὸ
742 2911 1021 3010 πολυθρόλλητον
1035 2919 1243 3012 ἕιμαρμένης
1255 2943 1288 2986 τι

278 3024 335 3090 καὶ
363 3015 506 3108 ἀνάγκης
537 3014 646 3108 δόγμα
680 3021 947 3110 κατατεμαχίζειν
977 3017 1024 3102 ¹²)
1054 3047 1121 3110 μοι
1154 3024 1289 3091 δοκοῦσι

279 3124 479 3212 Σιμπλίκιος
499 3147 534 3190 τε
555 3128 610 3190 καί
626 3107 908 3214 Ὀλομπιόὸόρος·
944 3117 963 3190 ό
990 3129 1052 3211 μὲν
1079 3127 1119 3194 έν
1149 3133 1227 3207 ταῖς
1248 3128 1291 3203 έις

275 3224 318 3295 τό
339 3227 528 3317 ἐγχειρίδιον
543 3219 739 3308 Ἐπικτήτου
764 3223 969 3304 ἐπιστασίαις
979 3276 989 3307 ,
1016 3221 1290 3318 ἀποτρεπόμενος

276 3326 355 3408 τοὺς
376 3324 485 3398 πάντα
506 3322 751 3415 ἀναγκάζοντας
762 3377 772 3408 ,
807 3321 885 3394 τάτε
910 3325 1156 3422 ἐπιχειρήματα
1186 3329 1292 3401 ἀυτῶν

278 3435 490 3521 ἐκτιθέμενος
520 3437 576 3500 καί
603 3425 810 3521 ἀνατρέπων,
846 3432 917 3498 έῖτα
951 3426 1052 3511 άυτός
1091 3429 1292 3512 ἀποδεικνὺς

277 3540 333 3606 καὶ
355 3535 594 3629 συμπεραίνωυ,
614 3529 674 3615 τὴν
694 3527 865 3629 ἀπόληψιν
884 3536 940 3601 καί
961 3529 1067 3623 όρεξιν
1090 3539 1157 3620 τῆς
1171 3537 1292 3634 ψυχῆς,

276 3644 333 3708 καί
353 3631 437 3720 ὅλως
457 3635 516 3720 τὴν
536 3631 662 3728 ἀίρεσιυ
682 3639 738 3704 καὶ
757 3636 950 3728 προαίρεσιν
971 3631 1215 3724 ἀυτεξοόσιον,
1237 3643 1292 3708 καί

277 3739 429 3833 οόδαμῶς
448 3737 694 3827 ἠναγκασμένου
715 3741 807 3807 έῖναι.
840 3736 971 3818 ’Ἁλλως
991 3736 1055 3831 γάρ
1082 3739 1168 3811 οὐδὲ
1186 3741 1290 3810 όίεται

277 3843 316 3914 τό
337 3843 549 3926 ἀυτοκίνητον
570 3836 671 3925 ἀυτῆς
692 3837 861 3924 σώζεσθαι
882 3837 1076 3924 δύνασθαι,
1117 3851 1179 3914 καὶ
1208 3838 1292 3925 όλως

278 3945 382 4033 ἀυτὴν
401 3943 460 4030 τὴν
481 3941 596 4015 οὐσίαν
602 3997 612 4028 ,
634 3940 702 4012 ἀλλ’
726 3937 796 4035 ἀμα
817 3946 857 4042 τῇ
877 3945 936 4014 τοῦ
958 3946 1000 4040 ἐφ
1016 3939 1102 4033 ἡμῖν
1117 3946 1290 4041 ἀναιρέσει
