2828 4792
240 411 308 476 ’λλ

264 582 468 672 βεβλημένοις
485 578 610 663 άιτίας,
643 577 683 651 δι’
702 575 743 662 άς
767 577 826 674 ούχ
846 575 918 651 ὁῖύν
938 607 973 651 τε
993 579 1080 670 ἡμᾶς
1103 583 1150 672 μὴ
1172 589 1273 656 τούτο

264 683 459 778 άιρεῐσθαι,
489 684 584 769 ἱκανὴ
603 687 704 768 δεῖξαι
721 690 777 754 καλ
797 681 819 768 ἡ
839 689 891 761 ἐπὶ
910 689 980 767 τοῖς
996 684 1165 779 ιίιρεθεῖσι
1186 715 1276 778 χινο·
1346 774 1349 780 ¹

263 792 343 880 μένη
374 785 534 869 πολλάκις
559 784 728 878 μετάνοια.
777 783 838 870 Ὡς
861 788 925 881 γάρ
953 787 1025 859 ἐνὸν
1049 787 1129 879 ἡμῖν
1157 791 1275 861 καὶτὸ

262 889 309 981 μι)
323 889 478 987 ᾑρῆσθαι
496 893 543 975 ⁸),
564 900 621 963 καὶ
638 890 683 982 μὴ
701 897 900 984 πεπραχέναι
918 896 1033 975 τούτο,
1053 899 1274 986 μετανοούμιν

262 1021 296 1064 τε
320 1003 376 1066 καὶ
396 993 606 1090 μεμψόμεθα
625 993 740 1077 άυτοῖς
760 1001 789 1080 9)
810 999 870 1080 τῆς
890 1004 963 1088 περὶ
982 994 1041 1081 τὴν
1054 995 1181 1085 βουλὴν
1204 997 1278 1068 ὀλο*

263 1102 396 1192 χωρίοις.
433 1095 539 1169 Ἀλλά
564 1096 625 1194 κᾷν
649 1098 771 1179 ἄλλους
796 1101 913 1188 ἴδωμεν
934 1104 979 1183 ”)
999 1098 1045 1224 μὴ
1072 1104 1179 1182 καλῶς
1203 1111 1277 1193 περὶ

263 1205 327 1272 τῶν
351 1208 520 1296 πρακτέων
535 1199 825 1292 διαλαμβάνοντας
839 1208 903 1286 ”),
924 1200 1084 1296 κᾷκιίνοις
1101 1208 1274 1274 ἐπικαλοῦ-

261 1331 321 1396 μεν
349 1303 402 1388 ὡς
423 1302 674 1428 ἁμαρτάνουσιν
705 1306 761 1389 ”).
813 1303 987 1395 Ἀξιούμεν
1014 1310 1050 1374 δὲ
1073 1305 1275 1396 συμβούλοις

261 1414 402 1491 εοιοΐςδε
420 1405 638 1502 χρῆσθαι,“
615 1437 659 1490 ως
679 1405 730 1503 ἐφ’
753 1405 832 1498 ἡμῖν
853 1407 892 1479 ὃν
912 1408 951 1477 τὸ
972 1435 1007 1479 τε
1029 1414 1073 1492 ¹³)
1095 1415 1274 1502 παραλαμ-

259 1509 416 1600 βάνειν
396 1511 518 1592 αυτούς
539 1508 795 1602 σνμβούλους”
775 1537 891 1596 οντας,
926 1508 950 1596 ἢ
975 1510 1021 1600 μὴ
1049 1511 1273 1603 παραλαμβα·

260 1641 347 1698 νειν,
385 1611 429 1694 ὡς
449 1611 572 1706 πράξαν
594 1613 635 1684 άν
656 1608 701 1698 ¹⁴)
723 1612 780 1684 διὰ
800 1613 861 1699 τὴν
881 1616 945 1685 τῶν
965 1612 1125 1685 τοιούτων
1146 1642 1272 1708 παρου-

261 1719 338 1786 σίαν
360 1717 447 1786 ἄλλα
468 1715 544 1787 τινά
565 1721 608 1802 ¹⁵)
631 1723 686 1788 καὶ
706 1716 752 1808 μὴ
774 1721 882 1787 ταῦτα
903 1712 927 1787 ύί
948 1716 1149 1813 πράσσομεν.
1180 1717 1269 1790 Ἀλλ’

260 1813 314 1888 ίίτι
333 1825 395 1910 μὲν
417 1818 454 1888 τὸ
477 1816 527 1916 ἐφ’
551 1816 642 1910 ἡμῶν
666 1824 717 1891 ἐπὶ
738 1817 863 1891 τούτων
883 1829 1136 1915 κατηγορεῖται,
1172 1813 1216 1892 ὧν
1238 1825 1272 1892 έν

259 1918 379 2010 ἡμῖνι)
402 1925 532 2007 ἐξουσία
553 1928 613 1993 τοῦ
634 1927 777 1994 ἑλέσθαι
798 1930 854 1993 καὶ
875 1922 917 1994 τά
939 1921 1142 2015 ἀντικείμενα
1149 1978 1160 2008 ,
1188 1923 1270 2012 γνά-

258 2052 357 2119 ριμαν
378 2023 417 2095 ὂν
437 2033 494 2095 καὶ
515 2029 548 2110 ἐξ
568 2024 690 2111 ἄντοῦ,
718 2025 815 2097 ἱκανά
837 2025 1026 2117 ὑπομνῆσαι
1047 2035 1103 2097 καὶ
1124 2026 1166 2096 τά
1188 2053 1269 2120 προ-

261 2133 423 2225 ειρημένα.
792 2185 794 2192 .

735 2239 793 2303 ΙΓ.

326 2335 489 2420 Τοιούτον
511 2331 538 2408 0³
561 2334 656 2418 ὄντος
677 2335 798 2420 σἰιπού,
830 2334 868 2406 τὸ
896 2343 956 2427 μέν
984 2332 1146 2406 δεικνύναι
1167 2339 1267 2406 τοῦτο

257 2439 439 2533 σωζόμενον
455 2441 542 2511 κατά
555 2439 631 2522 τούς
643 2436 753 2510 πάντα
767 2443 923 2529 λέγοντας
942 2440 1103 2530 γίνεσθαι
1122 2435 1204 2509 καθ’
1220 2442 1266 2509 ἑο·

256 2549 425 2639 μαρμένην
441 2543 517 2614 οὐδὲ
529 2547 727 2639 ἐπιχειροῦσι
740 2542 799 2628 τὴν
814 2540 933 2637 ἀρχὴν,
959 2546 1052 2613 ἴσασι
1061 2541 1126 2632 γάρ
1148 2547 1265 2634 έπιχει·

256 2645 413 2740 ρὴσοντες
427 2652 454 2731 ¹)
469 2644 665 2731 άδννάτοις,
687 2643 731 2733 ὡς
751 2652 787 2716 δὲ
809 2651 860 2716 ἐπὶ
875 2649 933 2728 τῆς
945 2642 1043 2737 τύχης
1057 2643 1141 2715 ἄλλο
1155 2673 1188 2715 τι
1206 2671 1264 2730 ση-

254 2747 453 2842 μαινόμενον
468 2748 652 2830 ὑποθέντες
665 2754 711 2844 τῷ
730 2753 788 2834 τῆς
808 2746 907 2840 τύχης
928 2745 1083 2839 ὀνόματι,
1104 2746 1266 2840 παράγειν

256 2856 430 2944 πειρῶνται
452 2853 530 2933 τούς
544 2849 727 2934 άκσύοντας
747 2851 864 2934 άντῶν,
886 2848 929 2932 ὡς
951 2848 1122 2935 σώζεσθαι
1135 2859 1191 2921 καὶ
1205 2849 1265 2921 άν·

254 2964 324 3038 τοϊς
338 2955 418 3040 ²)
385 2983 424 3024 το
438 2954 504 3026 άπὸ
518 2953 616 3048 τύχης
628 2957 788 3045 γίνεσθαί
800 2981 885 3025 τινα.
903 2951 1055 3025 Ούτωδέ
1040 2963 1128 3024 έκαι
1117 2961 1192 3026 ἐπὶ
1205 2955 1265 3024 τοῦ

255 3055 347 3180 ἔρι’
317 3066 407 3182 ”nutv
427 3062 600 3142 ποιοῦσιν,
633 3056 844 3153 ἀναιροῦντες
864 3057 929 3150 γάρ
951 3055 990 3126 τὸ
1012 3059 1201 3142 ἐξουσίαν’
1182 3083 1265 3149 εχειν

253 3161 335 3231 τόνα
317 3159 575 3254 ’νθρωπον
534 3189 593 3246 της
614 3159 768 3254 άιρέσεως
788 3188 824 3230 τι
844 3168 900 3229 καὶ
921 3156 1066 3286 πράξειμς
1087 3163 1152 3230 τῶν
1172 3158 1264 3231 άντο-

253 3268 420 3354 κειμένων,
457 3269 644 3353 λέγουσιν’
628 3262 677 3360 ιψί
700 3261 778 3354 ημῖν
799 3263 938 3333 ἒῖναι
902 3291 943 3333 το
964 3259 1134 3353 γινόμενον
1155 3268 1183 3347 ⁵)
1206 3270 1263 3334 κοιλ

253 3363 293 3435 δι’
317 3364 417 3457 ἡμῶν.
456 3365 545 3438 Ἐπεὶ
566 3365 630 3462 χάρ
653 3392 757 3463 ψασι,
789 3369 854 3436 τῶν
876 3366 978 3437 ’όντων
999 3395 1034 3436 τε
1056 3372 1112 3435 καλ
1132 3371 1262 3456 χινομέ.

252 3493 316 3538 νων
337 3473 374 3538 αἱ
395 3466 531 3565 φύσεις,
568 3472 674 3563 ἕτεροί
702 3495 736 3538 τε
766 3476 821 3539 καί
851 3468 1027 3564 διάφοροι,
1063 3466 1117 3552 (ού
1138 3468 1203 3561 γάρ
1224 3473 1262 3538 αί

253 3565 353 3640 άνταὶ
379 3575 443 3642 τῶν
470 3569 624 3669 ἐμψύχων
651 3599 686 3642 τε
713 3579 769 3642 καὶ
795 3575 859 3642 τῶν
894 3570 1052 3669 ἀψύχων,
1085 3569 1158 3641 ἀλλ”
1183 3567 1261 3641 σύδὲ

252 3676 315 3744 τῶν
337 3672 491 3771 ἐμψύχων
513 3672 666 3746 ἁπάντων
688 3681 723 3744 αἱ
744 3673 844 3746 άυταὶ
872 3672 992 3747 πάλιν·
1018 3681 1064 3744 -αί
1090 3673 1155 3766 χάρ
1186 3671 1256 3744 κατ’

252 3779 336 3858 ίῖὄος
359 3781 421 3849 τῶν
444 3777 546 3848 ’όντων
567 3783 730 3876 διαφοραὶ
751 3776 811 3859 τάς
831 3782 896 3848 τῶν
918 3776 1048 3874 φύσεων
1063 3776 1170 3848 άντων
1184 3783 1259 3848 δια·
