2782 4790
79 657 135 698 nec
157 633 230 698 lieri
252 645 358 715 potest
379 646 413 714 ut
436 635 490 718 qui
512 657 552 696 ex
574 635 729 716 appetitus
753 637 891 700 motione
915 650 1091 719 operatur,

79 759 146 802 nou
167 749 319 819 sequatur
339 737 407 800 illas
432 759 559 812 causas,
590 761 660 798 cum
683 760 775 800 causa
801 762 880 822 quae
898 727 944 800 ex
962 741 1032 822 ipso
1059 754 1092 828 et

76 840 141 902 istis
172 839 274 901 causis
305 840 344 903 sit
377 841 541 914 adiuncta,
581 840 661 902 sicut
692 863 752 906 nec
780 844 818 904 de
851 842 976 905 sublimi
1015 843 1090 908 loco

76 941 175 1004 iactus
200 941 280 1022 lapis
302 965 367 1004 non
387 955 493 1023 potest
519 964 583 1006 nou
605 943 684 1010 ferri
706 947 877 1032 deorsum,
901 957 953 1007 aut
973 947 1088 1030 globus

76 1067 134 1126 per
157 1045 280 1106 declive
303 1045 439 1107 deiectus
465 1067 529 1107 non
551 1046 669 1120 rotari,
695 1068 774 1129 quae
797 1049 880 1109 ultra
902 1048 962 1111 erit
983 1050 1089 1134 legum
1157 1085 1164 1098 ·

74 1147 225 1210 utilitas?
252 1147 340 1209 Sicut
355 1147 436 1210 enim
451 1147 531 1230 lapis
548 1148 626 1212 nihil
644 1148 848 1230 impedietur,
877 1150 904 1212 si
920 1151 989 1233 quis
1007 1151 1090 1214 dicat

76 1271 146 1312 eum
175 1273 241 1314 non
265 1253 380 1314 debere
408 1254 556 1313 deorsum
581 1250 678 1327 ferri,
718 1273 788 1312 cum
813 1252 881 1334 ipse
906 1265 1017 1316 natura
1045 1254 1090 1316 ita

76 1353 114 1414 sit
138 1353 261 1430 sactus,
301 1366 332 1416 et
359 1357 399 1416 ad
422 1353 455 1416 id
482 1353 675 1435 opitulentur
701 1376 812 1416 causae
835 1361 1005 1431 externae,
1044 1356 1090 1419 sic

75 1477 176 1540 neque
211 1468 356 1520 nostrum
388 1457 552 1542 quisquam
581 1457 765 1538 persuaderi
793 1457 912 1540 poterit
945 1471 997 1521 aut
1037 1481 1091 1521 ra·
1183 1439 1188 1453 '

75 1561 158 1622 tione
180 1571 236 1621 aut
254 1559 344 1644 lege,
370 1581 449 1642 quae
473 1581 543 1622 eum
566 1560 643 1622 velit
661 1557 751 1624 aliter
776 1582 890 1645 agere,
918 1583 1011 1644 quam
1025 1563 1090 1624 fert

75 1685 91 1724 a
112 1663 387 1726 circumstantibus
407 1663 589 1726 necessitas.
636 1663 723 1726 Nihil
749 1664 830 1726 enim
851 1665 946 1728 nobis
968 1665 1107 1740 accidet

75 1765 233 1828 commodi
246 1786 287 1827 ex
301 1765 461 1828 intellectu
477 1787 607 1842 eorum,
632 1787 712 1849 quae
727 1767 850 1851 legibus
867 1767 1035 1844 iubentur,
1060 1767 1087 1832 si

74 1889 185 1930 caiisae
199 1879 270 1931 ante
279 1869 379 1930 iactae
388 1879 478 1943 sunt,
505 1868 618 1950 quibus
629 1853 899 1932 circumstantibus
907 1871 1086 1934 necessario

74 1973 215 2032 trahatur
245 1971 345 2034 motio
370 1970 540 2052 appetitus.
584 1972 636 2034 Ac
658 1971 704 2034 sic
731 1972 854 2034 tollitur
878 1973 979 2035 omnis
1006 1995 1086 2055 quae

74 2087 116 2136 est
142 2096 184 2136 ex
208 2074 332 2158 legibus
362 2074 501 2148 utilitas,
541 2075 568 2136 si
590 2075 677 2158 leges
707 2074 831 2156 quidem
861 2075 924 2137 vim
950 2077 1087 2140 habeant

73 2177 198 2239 iubendi
228 2197 309 2259 quae
345 2176 488 2239 facienda
517 2188 589 2238 sunt
620 2189 651 2238 et
679 2176 804 2237 vetandi
826 2197 906 2258 quae
927 2199 991 2239 non
1014 2190 1086 2241 sunt

73 2280 236 2356 facienda,
260 2300 325 2341 non
348 2278 491 2362 sequitur
515 2292 618 2342 autem
639 2277 718 2366 legis
740 2279 874 2360 imperio
896 2279 928 2340 id
944 2282 1030 2361 quod
1044 2301 1085 2344 ex

72 2383 228 2464 appetitus
262 2381 402 2445 motione
430 2382 584 2459 facimus,
621 2383 677 2446 ubi
713 2383 948 2445 circumstantes
972 2403 1084 2446 causae
1109 2454 1111 2463 y
1185 2391 1188 2394 ’

72 2486 129 2549 alio
159 2507 220 2548 nos
249 2495 378 2548 movent
407 2506 444 2546 ac
469 2465 606 2566 ra‘piunt.
653 2483 706 2550 Sic
728 2489 831 2547 autein
853 2485 996 2578 pertale
1019 2487 1085 2546 Fa«
1132 2521 1139 2530 ·

72 2599 135 2651 tum
158 2590 307 2650 submota
329 2589 436 2671 legum
466 2588 598 2650 utilitate
627 2588 781 2651 tolluntur
809 2600 840 2650 et
867 2588 955 2672 leges
1000 2589 1083 2650 Nam
1165 2633 1166 2636 ,

72 2692 203 2754 utilitate
231 2692 338 2776 legum
366 2691 399 2753 id
428 2703 475 2753 est
504 2691 648 2754 libertate
669 2691 845 2754 ‘obediendi
871 2690 995 2776 legibus
1019 2690 1082 2752 Fa-

71 2806 136 2858 tum
158 2816 220 2866 nos¹
243 2795 371 2876 spoliat.
415 2797 534 2895 Longe
564 2815 644 2878 ergo
675 2797 764 2856 abest
792 2807 827 2856 ut
856 2807 1007 2876 sequatur
1034 2793 1081 2858 le-

72 2920 142 2981 gem
166 2919 246 2974 esse,
270 2897 342 2960 idco
365 2899 452 2986 quod
468 2895 514 2960 'sit
536 2899 662 2962 Fatum.
686 2899 758 2962 Imo
780 2908 922 2981 puguant
942 2896 1081 2958 inter-se

71 3003 185 3064 Fatum
207 3013 239 3068 et
261 3001 326 3063 lex.
371 3002 452 3064 Nam
474 3001 527 3062 lex
551 3001 626 3084 quid
648 2999 687 3061 sit
708 2999 885 3088 faciendum
906 2998 1079 3082 praecipit,

69 3114 218 3186 tanquam
240 3102 262 3164 ii
284 3101 338 3185 qui
361 3114 458 3186 agunt
478 3101 601 3183 possint
623 3101 828 3184 praecipienti
842 3123 972 3184 parere,
997 3105 1080 3165 unde

68 3218 100 3268 et
121 3206 183 3268 sibi
204 3228 269 3269 non
299 3218 446 3286 parentes
479 3206 532 3268 lex
565 3217 600 3268 ut
629 3218 735 3268 sontes
763 3205 874 3287 punit,
911 3216 941 3266 at
969 3217 1080 3268 contra

69 3310 252 3372 obedientes
276 3309 369 3371 afficit
390 3309 537 3390 praemiis
559 3321 594 3370 ut
626 3321 712 3370 recte
743 3319 885 3391 agentes.
943 3308 989 3370 At
1021 3307 1079 3371 fati
1166 3350 1175 3362 .

69 3412 179 3494 opinio
203 3412 277 3473 dicit
300 3411 403 3474 omnia
426 3433 504 3493 quae
526 3411 605 3474 fiunt
634 3423 665 3473 et
692 3409 870 3474 necessario
898 3408 985 3488 fieri,
1024 3397 1079 3473 aut

70 3536 229 3577 excausa
258 3513 362 3576 simili.
419 3514 508 3594 Quae
537 3525 640 3576 autem
672 3513 765 3576 simili
797 3535 838 3576 ex
868 3533 960 3573 causa
981 3512 1073 3588 fiunt,

70 3639 190 3681 eorum.
203 3616 343 3700 iniquum
365 3616 405 3678 sit
427 3616 487 3679 alia
508 3615 610 3678 dicere
637 3617 766 3690 delicta,
806 3614 865 3678 alia
886 3627 971 3676 recte
995 3626 1076 3678 acta.

71 3723 153 3784 Nam
181 3720 210 3783 si
239 3720 307 3803 quis
336 3720 417 3782 dicat
446 3720 537 3782 etiam
568 3721 671 3804 legem
693 3740 761 3781 esse
783 3719 865 3782 inter
886 3719 1076 3782 necessarias

71 3824 161 3916 illas,
186 3835 218 3886 et
240 3844 257 3884 a
279 3824 361 3898 Fato
384 3836 455 3885 ante
476 3823 571 3888 iactas
594 3843 720 3898 causas,
756 3822 952 3885 manifestum
975 3834 1022 3884 est
1043 3821 1075 3884 in

70 3927 107 3992 iis
137 3949 218 4014 quae
246 3925 310 4010 legi
346 3939 555 3993 consentanea
588 3923 705 4012 agunt,
751 3925 843 3992 etiam
870 3925 974 4010 legem
1000 3925 1074 3988 sore
