2758 4790
1068 353 1130 416 att

120 527 362 597 memoravimus
383 536 491 614 gentes
525 524 558 590 in
579 523 735 604 Meridie,
757 525 791 590 in
809 525 909 604 Ortu,
932 525 965 588 iu
987 526 1128 606 Occasu,

120 632 153 696 in
174 631 397 715 septentrione
420 653 457 694 ac
475 630 610 714 proinde
626 628 665 692 ,iu
691 641 755 692 tam
778 627 891 711 dissitis¹
908 640 1013 694 terrae
1026 630 1126 708 locis,

123 757 203 820 quae
228 745 375 816 expertes
401 745 474 796 suut
500 732 582 796 artis.
597 754 621 810 ,a
644 732 811 797 Mercurio
836 733 980 796 traditae.
1039 733 1129 815 Quot

121 837 239 920 putatis
275 836 335 899 viri
367 836 522 918 sapientes
555 846 715 898 mutarunt
751 837 831 900 male
861 836 982 918 positas
1014 834 1129 921 leges?
1180 903 1183 918 ι

125 941 214 1023 Quot
241 939 328 1024 leges
351 941 395 1004 ob
416 938 627 1001 difficultatem
653 937 754 1000 sactae
772 950 844 1004 sunt
871 938 1002 1005 irritae?
1038 939 1129 1021 Quot

123 1063 218 1134 reges
244 1041 438 1126 populorum
467 1040 606 1105 victores
632 1053 791 1104 mutarunt
818 1055 961 1124 receptas
993 1043 1130 1124 primunr

122 1145 230 1230 leges,
269 1166 307 1207 ac
338 1165 411 1208 suas
443 1164 639 1228 reposuere:
677 1165 779 1226 neque
810 1154 914 1206 tamen
942 1146 1032 1208 stella
1062 1146 1130 1214 ulla

124 1249 190 1312 vim
209 1269 306 1312 suam
331 1247 445 1312 amisit.
505 1248 573 1310 Iam
598 1248 695 1311 modo
721 1246 860 1312 Romani
890 1247 1014 1310 domitis
1043 1249 1128 1312 Ara·

122 1353 200 1416 bum
215 1351 309 1414 terris
327 1350 466 1414 instituta
481 1348 528 1414 ibi
544 1360 714 1416 mutarunt.
736 1361 739 1366 ’
773 1351 856 1414 Nam
871 1349 1017 1415 volumtas
1028 1331 1128 1415 libera

124 1456 320 1519 voluntatem
342 1454 472 1516 liberam
495 1453 649 1536 sequitur.
692 1453 819 1518 Addam
840 1453 940 1530 aliud,
965 1456 1052 1537 quod
1076 1455 1129 1518 vel

122 1557 258 1620 maxime
284 1556 463 1621 incredulos
490 1569 599 1639 posset
622 1557 834 1620 convincere:
872 1556 983 1622 Iudaei
1008 1578 1131 1632 omnes:

124 1659 178 1744 qui
210 1682 270 1742 per
297 1661 426 1723 Mosem
459 1659 563 1744 legem
592 1681 767 1742 accepere,
805 1672 896 1724 natos
926 1659 986 1722 sibi
1011 1660 1130 1724 liberos

109 1784 226 1828 mares
245 1762 304 1828 die
332 1775 447 1828 octavo
478 1761 732 1826 circumcidendo
759 1775 941 1840 cruentant,
978 1775 1044 1826 uon
1069 1785 1128 1826 ea·

123 1878 300 1950 spectantes
333 1865 444 1928 sideris
480 1865 609 1928 alicuius
639 1867 830 1943 adventum,
865 1889 930 1931 uon
955 1879 1147 1932 metuentes.

123 1971 188 2034 vim
213 1981 332 2032 tractus
358 1967 564 2050 praesidem,
584 1989 650 2031 non
674 1945 806 2031 aliarum
826 1970 976 2054 gentium.
989 1991 1023 2034 se
1046 1971 1129 2056 legi·

122 2075 182 2136 bus
207 2083 367 2154 aptantes:
397 2069 453 2134 sed
477 2071 544 2134 sive
567 2069 599 2132 in
622 2069 716 2152 Syria
740 2080 830 2148 sunt,
854 2072 921 2138 sive
947 2073 979 2135 in
1005 2074 1125 2152 Gallia,

124 2176 192 2238 sive
213 2175 245 2238 in
271 2174 381 2249 Italia,
405 2172 472 2236 sive
493 2173 525 2236 in
542 2173 694 2248 Graecia,
717 2174 833 2237 sivein
851 2176 984 2257 Parthia
1005 2187 1036 2238 et
1057 2178 1130 2242 ubi·

126 2299 261 2362 cumque
299 2290 372 2340 sunt
407 2277 571 2353 locorum,
608 2278 673 2340 hoc
699 2276 746 2340 sio
770 2277 909 2355 iaciunt,
957 2282 1044 2364 quod
1064 2302 1128 2346 non

124 2395 170 2444 est
205 2403 246 2444 ex
276 2380 439 2466 genitura:
477 2401 578 2462 neque
608 2379 689 2444 enim
717 2401 826 2444 omnes
858 2382 966 2448 Iudaei
999 2387 1130 2448 eandem

123 2483 303 2570 genituram
324 2485 440 2545 habere
460 2493 607 2564 possunt.
652 2481 769 2546 Sedet
796 2483 845 2547 die
874 2508 1001 2570 quoque
1031 2489 1130 2570 septi·

124 2609 176 2650 ma
200 2587 310 2650 ouines
332 2585 520 2668 ubicumque
543 2597 638 2661 sunt,
663 2585 749 2650 omui
766 2586 921 2651 abstinent
941 2610 1057 2672 opere,
1082 2592 1125 2656 ita

124 2702 160 2766 ut
183 2711 241 2752 nec
258 2689 320 2752 iter
341 2687 478 2763 saciant,
503 2711 561 2750 nec
582 2686 657 2772 igne
672 2701 810 2752 utantur.
855 2693 968 2774 Neque
987 2693 1130 2778 genitura

125 2795 274 2856 Iudaeum
299 2790 645 2872 necessitatcprohibet
667 2794 792 2854 domum
811 2796 993 2872 aedificare,
1017 2797 1127 2879 hospi-

102 2896 201 2978 tium
232 2916 377 2970 sumere,
417 2915 497 2974 opus
526 2895 651 2970 faeere,
690 2899 845 2974 vendere,
892 2921 995 2963 emere
1020 2900 1129 2964 diebus

125 2998 298 3062 sabbathi:
336 3018 513 3080 quanquam
540 2999 648 3059 eadem
677 2997 726 3060 dic
755 2999 864 3064 Iudaei
890 3014 921 3063 et
944 3003 1074 3088 gignant
1097 3017 1129 3068 et

125 3103 317 3186 gignantur,
343 3111 373 3162 et
394 3111 561 3184 aegrotent
579 3111 609 3163 et
626 3100 812 3164 moriantur.
858 3105 947 3166 Haec
966 3105 1047 3168 enim
1064 3131 1129 3174 non
1156 3105 1157 3110 ’
1242 3165 1246 3172 .

124 3217 199 3269 sunt
227 3225 337 3267 corum
363 3226 442 3287 quae
470 3203 502 3266 in
532 3216 643 3268 nostra
664 3203 808 3268 libertate
837 3219 908 3270 sunt
928 3208 1045 3289 posita.
1091 3214 1128 3278 Iu

127 3308 221 3388 Syria
246 3318 277 3370 et
305 3305 337 3368 iu
369 3307 516 3370 Osroene
541 3305 642 3398 multi¹
661 3306 693 3370 in
720 3309 876 3372 honorem
903 3312 1013 3376 Rheae
1043 3315 1130 3377 sole-

127 3414 203 3472 bant
225 3409 285 3471 sihi
310 3420 417 3491 partes
451 3408 601 3491 genitales
628 3395 821 3473 abscindere.
880 3415 953 3477 Uno
980 3418 1130 3498 temporis

126 3524 246 3597 puncto
268 3511 357 3575 iussit
380 3510 531 3595 Abgarus
554 3511 696 3576 omnibus
719 3513 773 3596 qui
793 3514 853 3578 sibi
868 3536 919 3580 eas
944 3531 1049 3599 partes
1072 3523 1128 3584 ab·

126 3615 309 3692 ecidissent,
335 3612 474 3677 abscindi
496 3635 616 3675 manus.
648 3617 762 3680 Exeo
785 3618 815 3680 in
839 3619 986 3684 Osroene
1009 3624 1128 3690 desiere

128 3718 280 3782 abscindi.
325 3717 412 3796 Quid
430 3735 508 3778 vero
536 3715 672 3778 dicemus
696 3719 734 3780 de
757 3717 1013 3788 Christianorum
1030 3741 1127 3807 secta,

128 3823 216 3886 cuius
253 3843 310 3884 nos
340 3819 519 3900 disciplinae
547 3840 675 3894 sumus,
714 3813 801 3886 multi
833 3828 1000 3890 admodum
1029 3827 1059 3891 in
1082 3830 1128 3896 di·
1231 3823 1237 3836 ’

127 3922 313 3989 versissimis
339 3921 522 4006 regionibus
553 3921 780 4008 gentibusque:
815 3939 937 3994 etcum
960 3915 1021 3994 iam
1041 3935 1129 4000 multi
1168 3995 1177 4018 ,
