2758 4790
261 400 322 462 210

207 633 212 644 ,
257 561 375 636 ιίυτῶν.
411 569 483 637 Καὶ
496 563 536 634 οὐ
550 562 680 650 πάντως
696 566 731 634 έν
748 560 838 661 πείσῃ
850 566 971 653 γενέσει
986 567 1050 634 τῶν
1064 563 1098 634 έν
1111 565 1268 658 Βακτρίᾳ

258 671 421 758 γυναικῶν
440 675 640 760 μεσουρανεῖ
663 666 748 759 μετὰ
771 667 850 750 Διὸς
879 675 936 740 καὶ
955 665 1077 756 ’Ἀρεος
1109 671 1143 736 έν
1177 665 1275 748 ἰδίοις

260 765 353 865 ὅροις
378 769 399 856 ἡ
429 769 611 866 φιλόγελως
635 769 834 867 Ἀφροδίτη.
896 767 953 840 Ἓν
980 774 1028 839 δέ’
1046 773 1085 866 τῇ
1109 767 1277 866 Ἀραβίᾳ,

188 863 194 874 ’
261 881 318 944 καὶ
343 878 382 972 τῇ
398 872 559 970 Ὀσροηνῇ
581 869 625 958 ¹⁴)
651 872 687 943 οῦ
716 871 831 964 μόνον,
845 879 881 942 αἱ
905 876 1094 965 μοιχαλίδες
1118 871 1278 967 φονεύον·

261 1003 335 1062 ται,
364 975 450 1048 σἰλλίι
475 985 531 1046 καὶ
556 975 818 1067 ὑποπτευόμενοι
840 975 900 1047 σῦκ
927 975 1082 1073 ἀφίενται
1111 974 1280 1068 ἆτιμώρη·

264 1107 326 1152 τοι.
381 1078 489 1170 Παρὰ
519 1078 684 1174 Πάρθοις
716 1083 760 1163 ’5)
793 1087 849 1150 καὶ
877 1077 1063 1175 Ἀρμενίοις
1095 1085 1128 1149 οέ
1163 1087 1280 1175 φονεῖς

262 1181 497 1278 ἀναιροῦνται,
530 1193 610 1254 ποτὲ
641 1193 701 1273 μέν
729 1180 794 1254 ὑπὸ
825 1186 891 1254 τῶν
919 1186 1099 1267 δικαστῶν,
1131 1187 1218 1254 ποτέ
1243 1187 1280 1252 δέ

265 1283 330 1356 ῦπὸ
352 1289 416 1358 τῶν
437 1288 600 1376 συγγενῶν
623 1290 686 1357 τῶν
707 1292 951 1381 φονευομένων,
983 1293 1040 1356 καὶ
1061 1283 1119 1358 ἐσίν
1140 1313 1193 1368 τις
1213 1313 1281 1382 φο-

265 1387 363 1487 νεύσῃ
384 1398 525 1480 γυναῖκα
548 1387 668 1474 σἰυτοῦ,
694 1387 716 1473 ἢ
738 1387 884 1480 ἀδελφὸν
907 1387 1060 1474 ίίτεκνον,
1086 1387 1109 1474 η’
1130 1387 1283 1486 ἀδελφὴν

195 1489 199 1498 ’
265 1491 418 1586 ῦγοιμου,
453 1492 476 1578 ἢ
507 1490 597 1577 ῦιὸν,
632 1491 654 1577 ἢ
682 1497 879 1586 θυγατέρα,
918 1490 978 1562 οῦκ
1005 1497 1192 1582 ἐγκαλεῖται
1213 1489 1282 1564 ῦπό

266 1601 375 1678 τινος,
396 1592 500 1688 νόμου
521 1591 676 1666 τοιοῦτον
698 1593 904 1689 ὑπάρχοντος
925 1599 959 1666 έν
973 1603 1048 1677 ταῖς
1059 1593 1186 1691 χώραις
1199 1598 1283 1666 ἐκεί-

266 1716 357 1780 ναις·
392 1697 467 1790 παρ’
490 1692 628 1783 Ἕλλησι
661 1703 696 1769 δέ
718 1706 776 1768 καὶ
793 1697 974 1791 Ῥωμαίοις
986 1702 1117 1820 μείζονι
1138 1700 1284 1793 τιμωρίᾳ

187 1801 194 1811 ’
267 1799 517 1891 ὑποβάλλονται
539 1809 572 1871 οἱ
592 1805 657 1872 τῶν
679 1799 804 1874 οἰκείων
832 1809 889 1872 καὶ
918 1807 1079 1892 συγγενῶν
1111 1805 1284 1897 φονευτοιί.

265 1895 320 1978 Ἑν
333 1904 472 1999 ’Ἀτροις
493 1901 580 1998 ’6),ὁ
603 1911 747 1976 κλέπτων
768 1932 802 1976 τι
824 1903 948 1993 ὀβόλου
970 1905 1063 1990 ίίξιον
1084 1903 1282 1990 λιθίζετιιι·

268 2008 362 2104 παρὰ
369 2007 790 2104 Βάκτροιςόλίγακλέπτιον
801 2005 994 2100 έμπτῦετοι·
1008 1999 1303 2100 παρίιῬωμαίοις,

267 2118 409 2201 πληγαῖς
436 2111 612 2196 ἆικίζεται,
641 2115 789 2182 τοιοῦτοι
809 2110 874 2207 γίιρ
897 2117 929 2181 οέ
950 2107 1058 2202 νόμοι,
1101 2109 1190 2183 Ἀπὸ
1207 2109 1285 2184 'hv-

270 2213 404 2311 φράτου
426 2219 580 2306 ποταμοῦ
600 2221 657 2284 καὶ
677 2220 773 2309 μέχρι
794 2218 853 2286 τοῦ
871 2211 1032 2286 Ὠκεανοῦ
1062 2213 1106 2298 ῶς
1126 2220 1179 2287 ἐπὶ
1200 2213 1286 2288 σίνα-

270 2318 393 2401 τολάς,
429 2316 447 2388 ὁ
469 2315 722 2413 λοιδορούμενος
744 2314 787 2398 ὡς
808 2315 945 2414 φονεὺς,
976 2316 997 2404 ἢ
1020 2315 1063 2399 ῶς
1083 2323 1224 2404 κλέπτης
1245 2317 1285 2391 οῦ

271 2418 358 2492 πάνυ
380 2420 561 2510 ἀγανακτεῖ
568 2437 575 2456 ’
609 2417 687 2492 ὁδὲ
709 2418 753 2502 ῶς
774 2417 1007 2515 ἇρσενοιιοίτης
1026 2420 1145 2494 ἑαυτὸν
1165 2425 1291 2494 έκδικεῖ

270 2530 367 2619 μέχρι
388 2532 443 2594 καὶ
465 2521 583 2621 φόνου.
637 2521 725 2619 Παρ’
740 2516 880 2608 Ἕλλησι
907 2531 964 2594 καὶ
986 2531 1019 2594 οἱ
1040 2531 1143 2620 σοφοί
1164 2528 1287 2619 ἐρωμέ-

274 2653 352 2712 νους
378 2630 504 2720 ἔχοντες
532 2624 571 2698 οῦ
593 2631 766 2726 ᾳέγονται.
814 2624 871 2698 Ἐν
892 2630 933 2724 τῇ
954 2625 1038 2726 ἀυτῇ
1055 2624 1222 2726 Ἀνατολῇ
1244 2629 1288 2712 ¹⁷)

273 2727 500 2826 ὑβριζόμενα,
524 2728 582 2800 ἐὰν
594 2733 812 2820 γνωσθῶσιν,
833 2728 898 2802 ὑπὸ
920 2729 1073 2828 ἀδελφῶν
1094 2729 1115 2816 ἢ
1136 2736 1288 2828 πατέρων

274 2842 331 2904 ιιαλ
359 2836 521 2924 συγγενῶν
549 2830 768 2930 φονεύονται,
803 2842 860 2906 καὶ
888 2836 999 2931 ταφῆς
1026 2832 1196 2931 προδήλου
1227 2833 1287 2908 οῦιι

267 2933 455 3022 Ιιίξιοῦνται.
489 2935 595 3032 Παρίι
608 2942 644 3010 δέ
658 2943 679 3010 l
687 2935 802 3020 σίλλοις
819 2937 863 3022 ’8)
878 2943 911 3008 οέ
926 2942 995 3010 νέοι
1008 2941 1196 3030 γαμοῦνται
1213 2938 1244 2988 ¹⁸
1256 2943 1288 3023 ε)

271 3038 359 3130 μιτίι
379 3042 586 3136 παρρησίας,
616 3037 655 3112 οῦ
677 3038 789 3138 ψόγον
810 3044 908 3113 τοῦτο
931 3038 1127 3132 ἡγούμενοι,
1148 3041 1208 3114 διὰ
1229 3041 1288 3114 τὸν

274 3139 350 3237 παρ’
374 3141 489 3226 ἆυτοῖς
508 3140 622 3235 νόμον.
657 3149 729 3218 Καὶ
750 3142 788 3239 οῦ
811 3140 954 3216 δυνατόν
974 3149 1045 3214 εὀτι
1065 3141 1195 3228 πάντας
1209 3144 1289 3226 τοῦς

131 3243 133 3252 ί
241 3341 243 3350 y
275 3250 311 3318 έν
331 3250 461 3342 Γαλλίᾳ
483 3244 589 3329 ὁείτως
621 3244 736 3328 σἰθέος
764 3244 998 3341 ὑβριζομένους
1024 3253 1136 3340 λαχεῖν
1158 3253 1193 3318 ἐν
1214 3258 1289 3328 ταῖς
1330 3322 1337 3335 ,

277 3355 421 3440 γενέσεσι
444 3349 635 3447 Φωσφόρον
656 3348 734 3439 μεθ’
756 3347 879 3443 Ἑρμοῦ
901 3354 935 3422 έν
956 3348 1059 3432 ὀίκοις
1073 3346 1210 3446 Κρόνου
1233 3357 1288 3422 καὶ

276 3449 383 3543 ὁρίοις
395 3451 516 3546 ’Ἄρεος
536 3451 705 3534 δῦνοντας.
744 3449 798 3524 Ἕν
819 3456 1006 3549 Βρεττανίᾳ
1032 3460 1150 3525 πολλοὶ
1171 3452 1290 3547 ι’ίνδρες

276 3559 357 3646 μίαν
384 3564 524 3644 γυναῖκα
551 3559 701 3647 ἔχουσιν·
736 3557 771 3625 έν
797 3559 834 3626 δέ
849 3558 894 3654 τῇ
915 3559 1066 3651 Παρθίᾳ
1086 3562 1209 3628 πολλοὶ
1231 3584 1290 3646 γυ-

249 3713 251 3722 ,
276 3666 385 3740 ναῖκες
406 3663 463 3732 ἕνα
484 3658 611 3751 δένδρα,
633 3668 691 3730 καὶ
710 3661 817 3730 πᾶσαι
833 3662 1071 3756 σωφρονοῦσαν
1084 3656 1288 3749 πειθόμενοι

277 3760 370 3856 ἀυτῶ
382 3761 469 3832 κατὰ
483 3760 541 3832 τὸν
560 3759 672 3853 νόμον.
710 3758 766 3834 ‘Aa
788 3759 1013 3851 δέἈμαζόνες
1034 3766 1141 3834 πῦσαι
1163 3761 1290 3857 ἄνδρας

277 3863 339 3936 οῦκ
360 3867 507 3957 ἔχουσιν,
543 3861 612 3936 ἀλλ’
638 3862 681 3946 ῶς
702 3863 746 3934 τίι
766 3863 875 3953 ι’ίλογα
902 3867 972 3948 ζῶαῚ
991 3859 1081 3950 ἅπαξ
1100 3869 1160 3938 τοῦ
1182 3871 1289 3946 ἔθους
1310 3901 1313 3910 ’

275 3975 351 4063 περὶ
372 3966 430 4052 τὴν
451 3967 584 4063 ἐαρινὴν
608 3965 796 4063 ἰσημερίαν,
818 3965 1078 4062 ῦπερβοίνουσαι
1093 3967 1170 4050 τοῦς
1185 3967 1289 4046 ἰδίους
