2758 4790
1066 441 1126 503 2115

122 622 232 682 scere,
271 613 325 669 aut
351 603 509 669 hominem
531 611 678 689 tanquam
707 605 841 670 stellam.
874 607 994 688 'Qualis
1023 607 1121 693 igitur

122 709 200 771 haec
229 719 276 771 est
307 707 467 793 cognitio,
507 729 585 791 quae
604 710 656 770 'de
693 729 738 772 re·
762 708 889 796 cognita
919 711 1001 774 aliud
1025 711 1117 795 quid,

122 830 226 896 quam
245 815 331 896 qnod
354 813 386 876 in
410 811 479 895 ipsa
501 823 566 888 est,
596 811 787 897 cognoscit?
822 813 995 878 Praeterea
1020 815 1121 881 omni-

120 913 398 998 busphilosophis
418 924 466 978 est
485 913 517 978 in
538 915 688 978 confesso
708 913 814 980 Deum
840 920 1004 1000 operando
1024 939 1120 983 nosse

123 1018 239 1082 omnia.
285 1017 319 1080 Si
339 1017 439 1102 igitur
463 1019 626 1099 operando
653 1016 757 1081 omnia
778 1017 887 1097 novit,
921 1041 1049 1085 neeesse
1075 1031 1123 1086 est

116 1105 216 1184 'etiam
256 1119 400 1196 definiat,
442 1139 646 1204 quaeeunque
678 1119 790 1184 feeerit
818 1131 871 1184 aut
910 1123 1117 1208 cognoverit,

121 1225 265 1306 adeoque
283 1222 360 1286 nihil
376 1221 571 1307 relinquatur
590 1221 784 1310 indefinitum
803 1244 932 1301 eorum,
956 1247 1036 1309 quae
1051 1225 1120 1310 ipse

119 1325 370 1420 uelimmediate
399 1325 451 1390 rel
472 1347 532 1409 per
556 1325 657 1390 media
679 1325 813 1405 feeerit,
838 1337 891 1390 aut
916 1329 1119 1412 cognoverit.

121 1427 340 1494 Omniavvero
369 1449 450 1513 quae
480 1431 565 1494 bona
593 1441 666 1493 sunt
688 1429 795 1494 faeere
826 1429 1004 1511 necessario
1030 1431 1123 1494 debet

122 1543 155 1596 et
182 1542 306 1608 nosse,
334 1531 394 1596 nisi
421 1553 530 1596 manea
555 1533 667 1596 debeat
694 1529 760 1597 eius
785 1543 817 1596 et
840 1532 1041 1616 providentia
1069 1535 1123 1598 de·-

119 1634 276 1718 prehendi
297 1645 329 1698 et
350 1635 505 1720 cognitio.
549 1635 637 1699 Mala
660 1647 780 1714 autem,
805 1656 886 1720 quae
902 1634 1047 1698 nimirum
1067 1637 1122 1699 de-

121 1736 303 1824 gerationes
331 1749 404 1800 sumt
435 1741 474 1802 ab
505 1739 609 1816 Ente,
648 1739 812 1823 nequidem
841 1757 934 1802 eausa
961 1737 1121 1823 indigent,

120 1853 157 1904 ut
184 1842 265 1904 adeo
287 1839 374 1904 Deus
396 1840 559 1922 nequidem
585 1863 646 1924 per
672 1841 890 1923 providentiae
915 1831 946 1904 et
971 1840 1043 1904 Fati
1071 1861 1123 1906 ra·
1181 1887 1187 1916 ,

120 1925 242 2008 tionem
262 1945 302 2006 ad
319 1954 493 2006 extremum
511 1945 711 2026 perductam,
749 1945 864 2009 horum
887 1960 997 2006 canisae
1018 1943 1124 2009 invol-

121 2055 229 2108 vatur.
285 2047 422 2108 Tantum
448 2045 505 2108 tihi
536 2048 763 2130 respondemus
796 2049 835 2109 ad
866 2045 980 2122 dubia,
1020 2045 1123 2124 Viro,

121 2148 224 2233 qualis
245 2161 282 2212 tu
302 2168 354 2225 es,
378 2149 562 2212 suffectura.

237 2293 415 2345 Testimom'a
435 2293 475 2344 ad
492 2284 695 2364 Quaestionem
714 2294 747 2346 de
766 2295 850 2346 Fato.

188 2442 257 2514 Pro
283 2439 356 2503 Fati
377 2449 480 2502 autem
501 2439 623 2502 ratione
640 2441 759 2502 nullum
781 2439 864 2502 aliud
886 2439 943 2502 tibi
963 2440 1123 2512 exhibebo

122 2542 355 2620 testimonium,
390 2563 485 2625 quam
507 2541 584 2604 illud
605 2541 749 2605 Platonis
774 2539 890 2631 ipsius,
929 2541 1060 2622 petitum
1082 2562 1123 2604 ex

124 2645 330 2731 Epinomide.
374 2693 390 2720 ,‚
398 2643 549 2721 Animae,
579 2643 698 2728 inquit,
722 2643 911 2720 necessitas,
936 2663 1016 2726 quae
1039 2663 1125 2711 men-

124 2735 212 2826 „tem
236 2748 396 2833 possidet,
428 2747 566 2812 omnium
584 2746 802 2810 necessitatum
824 2758 872 2810 est
893 2745 1045 2820 maxima3
1066 2746 1126 2808 im-

122 2875 261 2938 „perans
285 2852 382 2928 enim,
413 2850 491 2912 nulli
516 2871 595 2914 vero
616 2869 729 2931 parens
750 2850 838 2934 leges
858 2853 924 2914 dat.
975 2851 1125 2914 Immuta·

122 2955 252 3032 „bilitas
285 2975 365 3018 vero
394 2953 464 3028 illa,
503 2973 573 3014 eum
589 2987 591 2998 »
610 2951 708 3014 anima
743 2952 895 3032 optimum
933 2951 1126 3016 consuluerit

123 3060 319 3135 „seeundum
341 3055 490 3140 optimam
512 3065 663 3130 mentem,
688 3074 763 3116 vere
787 3053 931 3134 perfecta
955 3054 991 3116 nt
1013 3075 1125 3120 seeun-

123 3164 225 3238 „dum
244 3172 398 3235 mentem,
423 3171 454 3222 et
472 3179 511 3222 ne
525 3159 649 3224 adamas
669 3156 793 3240 quidem
810 3157 864 3222 illa
880 3157 1000 3222 fortior
1016 3157 1122 3233 fuerit,

123 3276 204 3342 „aut
224 3262 324 3346 magis
347 3261 561 3337 immutabilis,
587 3263 642 3324 sed
662 3281 777 3323 revera
795 3273 860 3324 tres
883 3260 1005 3323 Pareae
1030 3259 1124 3323 effici-

124 3378 204 3445 „unt
224 3376 256 3429 et
276 3374 453 3448 praestant,
476 3365 699 3445 inperfectum
714 3364 770 3440 sit,
794 3364 881 3446 quod
903 3363 1024 3444 optimo
1047 3384 1125 3426 eon-

125 3521 140 3548 „
148 3472 219 3537 silio
245 3472 404 3534 decretum
432 3478 479 3530 est
506 3466 673 3550 unicuique
691 3464 870 3529 Deorum.”
915 3465 1021 3546 Quare
1044 3467 1124 3528 mul-

125 3592 193 3642 tum
217 3576 321 3650 abest,
357 3582 391 3633 ut
413 3569 556 3634 Platonis
576 3569 675 3631 secuti
692 3569 753 3631 sint
771 3579 920 3644 mentem,
953 3568 1007 3650 qui
1024 3570 1124 3634 effoe-

126 3682 261 3746 minatae
285 3675 402 3740 animae
428 3671 606 3756 opinionem
633 3672 739 3734 dieunt
755 3673 839 3735 illam
866 3674 903 3734 de
917 3673 1017 3748 Fato,
1043 3693 1124 3755 quo-

127 3786 210 3852 niam
238 3782 264 3845 is
293 3777 536 3862 sapientissimae
570 3774 688 3837 animae
717 3776 881 3838 maximam
910 3775 1125 3840 necessitatem

127 3885 274 3970 imponit.
321 3883 382 3944 Sed
410 3882 494 3946 lorte
525 3878 593 3962 quis
625 3876 779 3940 existimet
804 3879 922 3940 animae
953 3877 1126 3942 irrationali

127 3993 214 4058 illum
236 4006 416 4069 nonaeque
437 3985 600 4066 imponere
619 3981 772 4064 quandam
793 3979 1018 4044 necessitatem.
1064 3981 1140 4070 Sed,

126 4225 136 4262 l
