2804 4786
1093 404 1153 468 315

167 571 202 650 3)
232 563 519 650 theominen]
556 563 596 635 τὸ
617 567 721 634 addidi
742 589 783 634 ex
807 569 916 636 Hann-
954 572 1027 652 (Ο.)

167 673 202 753 4)
230 667 404 766 ἡφύσις
426 668 558 740 ἀστῶν
587 672 680 752 (τοῦ
699 674 908 762 χείρονος)
937 672 1153 742 ἀνεπίδεκ-

234 770 303 855 τός
324 775 460 855 ἔστιν]
475 778 594 841 Verbis
604 776 662 842 τοῦ
670 777 816 866 χείρονος
827 780 883 841 sed
893 778 1013 842 uincinis
1023 779 1162 842 inclusis·

234 880 381 963 supplevi
401 879 617 964 imperfectam
639 880 841 958 sententiam
865 903 945 966 quae
967 882 1149 947 coniectura

232 985 389 1067 probatur
411 983 518 1047 verbis
541 983 743 1067 sequentibus
765 984 823 1066 τῆς
837 981 969 1075 φύσεως
982 981 1072 1072 ἡμῶν
1086 987 1154 1054 ἐπι.

232 1087 380 1168 ὃικιικῆς
402 1071 505 1169 inope
523 1087 584 1154 τσῦ
602 1087 759 1177 χείρονος.
803 1087 954 1166 Grotius,
979 1090 1066 1154 cuius
1082 1113 1154 1155 ven·

117 1259 121 1264 ,
230 1190 353 1254 sionem
375 1189 511 1268 mutavi,
536 1191 614 1254 haec
635 1190 678 1253 ita
699 1192 851 1265 reddens,
878 1193 962 1272 quio
985 1193 1029 1255 ab
1054 1196 1152 1258 initio

231 1303 360 1360 natura
381 1293 535 1374 ipsorum
552 1293 635 1356 talis
659 1302 725 1374 est,
747 1301 786 1356 ut
805 1293 893 1356 ηἰΙιιἸ
912 1295 947 1356 ei
970 1292 1157 1374 superaddi

236 1404 357 1480 queat,
391 1393 506 1478 legisse
536 1393 680 1458 videtur:
719 1383 772 1460 ὅτι
800 1389 860 1473 τὴν
888 1387 991 1482 ἀρχὴν
1011 1387 1032 1473 ἡ
1055 1388 1155 1484 φύσις

231 1493 340 1564 ἀστῶν
375 1497 460 1575 (τῶν
494 1491 669 1584 μειζόνων)
703 1490 909 1573 ἀνεπίδεκτός
941 1498 1038 1564 ἐστιν.
1081 1495 1155 1576 (Ο.)

233 1598 386 1681 Quamvis
401 1599 600 1684 ingeniosum
615 1600 700 1663 istud
717 1598 756 1661 sit
773 1599 1036 1682 supplementum,
1060 1612 1153 1662 eruut

231 1715 335 1766 tamen
358 1702 390 1768 ni
410 1703 526 1780 fallor,
566 1703 621 1786 qui
643 1703 742 1766 minus
765 1701 975 1766 necessarium
1004 1702 1037 1765 id
1057 1725 1153 1786 nepu-

231 1817 318 1870 tent:
342 1808 475 1870 deorum
497 1807 578 1872 enim
601 1818 744 1870 naturam
765 1827 824 1868 nec
847 1807 985 1882 bouum,
1011 1828 1070 1870 nec
1087 1829 1152 1870 ma·

233 1909 316 1984 lum,
354 1930 414 1972 nec
434 1909 529 1974 ullam
561 1910 697 1975 omniuo·
719 1930 786 1974 rem
816 1908 976 1990 recipere,
1015 1909 1150 1994 ideoque

231 2010 416 2092 simpliciter
444 2008 650 2080 ἀνεπίδεκτον
681 2013 742 2077 dici
763 2006 973 2086 Alexandro3
1011 2026 1152 2077 nostram
1233 2005 1237 2014 ⁸

231 2113 396 2196 utriusque
418 2116 629 2180 accessionem
652 2129 684 2180 ct
705 2115 930 2180 incrementum
952 2115 1038 2198 pati,
1072 2137 1151 2199 pro·

127 2262 146 2296 ·.
230 2217 302 2280 inde
325 2238 393 2282 eam
415 2216 497 2282 infra
521 2219 631 2284 vocari
652 2215 852 2301 innocencius»
880 2223 935 2284 καὶ
964 2221 1023 2284 τοῦ
1047 2220 1154 2310 χείρο-

231 2343 353 2410 ροιιος,Δ
367 2319 390 2382 i.
414 2341 445 2383 e.
469 2315 508 2386 οὐ
529 2317 631 2407 μόνον
653 2324 712 2390 τοῦ
732 2323 900 2408 βελτίονος
922 2317 1009 2389 ἀλλὰ
1023 2328 1079 2389 κιιὶ
1093 2325 1153 2391 τοῦ

231 2424 388 2492 ἐναντίου.
411 2423 500 2488 Infra
522 2446 584 2507 pro
606 2427 836 2516 περιγίνεσθαι
858 2425 1040 2490 concinnius
1064 2427 1150 2514 leges

129 2579 154 2590 ,2
233 2527 496 2618 παραγίνεσθαι.
538 2529 650 2610 (Cosp.
666 2529 785 2606 Orell.)
1053 2517 1056 2522 ¹

168 2653 203 2730 5)
232 2651 295 2717 ἐπὶ
327 2645 491 2731 κτήσει]
546 2650 595 2713 lta
627 2649 725 2714 Mon.
757 2661 789 2712 et
816 2651 926 2715 Lond.
960 2643 1010 2718 e'izl
1043 2650 1153 2722 κτίσει.

206 2753 379 2818 ·Aldiuae.
411 2770 413 2778 ’

169 2867 202 2944 (ι)
234 2864 287 2933 Οὐ
316 2865 394 2957 γὰρ
424 2859 639 2960 ἀφῄρηται
672 2860 744 2944 τὴν
775 2863 971 2945 ἐξουσίαν
1007 2861 1100 2934 «ione
1133 2865 1152 2934 ὁ

231 2965 403 3048 Πύθιος
423 2969 563 3060 contegi
578 2963 691 3060 ἆυτῷ
709 2968 906 3055 χρῆσθαι
927 2993 969 3034 τι
989 2975 1059 3036 καὶ
1078 2968 1151 3057 μὴ]

232 3073 361 3136 Sensus.
386 3075 501 3136 horum
531 3074 705 3136 verborum
732 3071 764 3134 iu
794 3071 942 3135 versione
975 3095 1030 3136 sua
1059 3076 1151 3155 plane

123 3185 126 3194 '
231 3175 387 3260 pervertit
423 3176 569 3240 Grotius.
640 3175 768 3258 Optime
804 3186 916 3239 eontra
951 3175 1149 3260 Bagolinus:
1182 3193 1185 3202 ’

225 3271 319 3364 llum
348 3295 410 3339 nec
432 3275 744 3361 facultas,Pylhio
769 3277 926 3359 surrepta
949 3287 1018 3354 est,
1050 3290 1088 3341 ul
1108 3285 1152 3344 ci-

226 3377 303 3442 dem
330 3381 525 3454 responsum
559 3377 614 3446 det
645 3379 703 3442 ecl·
721 3399 789 3440 uon
813 3378 886 3442 deu·
918 3376 1150 3444 Schulthessius
1248 3433 1250 3436 .

121 3481 125 3498 ¹
154 3483 157 3490 ⁴
231 3470 404 3569 ἀφῄρηται
426 3475 526 3536 active
542 3475 695 3556 accipiens
717 3479 822 3542 locum
841 3478 886 3540 sic
909 3479 1025 3542 vertit:
1059 3485 1150 3548 Denn

144 3583 147 3588 '
230 3579 335 3644 weder
356 3575 492 3657 Apollo
516 3579 606 3640 noch
630 3578 855 3660 Aesculapius
877 3582 984 3645 haben
1010 3604 1070 3646 uns
1094 3585 1151 3648 der

229 3675 383 3759 Freyh'eit
404 3674 562 3751 bepoubt5
588 3679 687 3750 jener
709 3679 778 3742 sein
806 3681 928 3762 Qrcuel
953 3704 995 3744 zu
1014 3681 1171 3766 fragen-

229 3775 312 3838 oder
336 3776 432 3838 nicht
462 3796 506 3838 zu
528 3772 682 3856 fragm,
716 3773 820 3841 dieser
848 3781 936 3842 scine
961 3781 1077 3862 Hillfe
1106 3805 1150 3846 ιιι

228 3875 353 3938 suellen
374 3874 455 3938 oder
475 3875 567 3936 nicht
589 3894 631 3936 zu
651 3875 786 3938 sochen.
828 3875 890 3940 Sed
915 3880 1082 3961 quominus
1105 3881 1150 3945 sic

234 3973 419 4062 accipiamus
443 3973 570 4060 impedit
589 3995 722 4058 sequens
743 3980 988 4066 προΐστασθαι,
1015 3987 1099 4071 quod
1125 3985 1151 4048 si
