2758 4790
248 407 308 470 172

241 600 294 646 σιν
315 573 520 654 ἀπαντῶντες
547 568 639 660 ἡμεῖς
667 564 753 636 κατὰ
773 563 833 650 τὴν
854 569 913 636 τοό
935 567 1035 637 θείου
1052 563 1249 661 Ἰαμγλλέχου

242 675 409 773 ὑφήγησιν
433 681 475 760 ¹‚)
497 673 539 743 τόι
560 669 710 767 διάφορα
731 675 836 764 μέτρα
858 673 921 740 τῶν
941 667 1090 759 γνώσεων
1111 676 1251 794 διαιρεῖν

243 778 422 902 ἀξιώσομεν
443 783 606 867 λέγοντες,
643 772 686 854 ώς
713 770 735 856 ἡ
762 777 880 863 γνῶσις
898 779 990 902 μέση
1020 771 1106 843 όόσα
1135 781 1282 846 τοῦτο·

243 881 459 972 γινώσκοντος
473 887 528 949 καὶ
542 883 602 948 τοῦ
613 881 869 968 γινωσκομένου,
891 879 977 970 ε’έπερ
999 879 1125 948 ἐστιν’
1109 884 1252 972 ενέργεια

244 989 305 1054 τοῦ
319 983 536 1074 γινώσκοντος
555 989 629 1075 περὶ
650 979 689 1049 τό
703 977 970 1068 γινωσκόμενον,
980 977 1052 1050 όῑσν
1069 984 1129 1065 τῆς
1142 981 1254 1076 ὄψεως

245 1095 320 1182 περὶ
342 1087 380 1157 τό
401 1085 532 1169 λευκόν,
567 1083 648 1154 ποτέ
677 1093 738 1173 μέν
759 1080 950 1176 κρειττόνως
971 1080 1122 1171 γινώσκει
1143 1084 1184 1154 τό
1202 1115 1256 1174 γι·

243 1189 447 1281 νωσκόμενον
468 1193 527 1272 τῆς
548 1185 652 1257 ἄντοῦ
673 1189 733 1255 τοῦ
761 1188 908 1274 γνωστοῦ
935 1183 1080 1280 φόσεως,
1113 1198 1194 1258 ποτέ
1216 1193 1254 1258 δέ

241 1291 413 1387 χειρόνως,
441 1301 521 1362 ποτέ
544 1295 580 1360 δέ
602 1291 791 1380 συστοίχως.
825 1282 907 1358 Ὅτι
928 1299 989 1377 μέν
1008 1289 1073 1384 γὰρ
1094 1289 1154 1361 τόν
1174 1297 1255 1364 νοεῖν
1339 1275 1345 1294 ’

244 1395 303 1466 τόν
323 1393 480 1489 ἡμέτερον
502 1393 562 1475 τὰς
583 1391 758 1472 πολιτικὰς
785 1394 849 1459 τών
876 1390 1023 1483 πράξεων
1049 1397 1255 1488 προχειριζό-

241 1519 361 1592 μενον,
386 1505 520 1587 λέγομεν
540 1494 709 1585 γινώσκειν
730 1493 773 1562 τὰ
793 1499 993 1564 καθέκαστα
1014 1500 1078 1565 τών
1098 1497 1254 1590 πραγμά-

243 1629 308 1674 των
329 1602 549 1697 ἀναφέροντες
569 1603 676 1668 ταῦτα
698 1601 750 1666 ε’πὶ
770 1594 814 1666 τό
834 1595 1011 1681 καθόλου,
1034 1607 1090 1668 καὶ
1111 1600 1150 1670 δι’
1174 1606 1255 1672 έκεί-

242 1732 306 1776 νων
328 1702 371 1785 ώς
392 1703 516 1774 οἰκείων
536 1699 704 1792 γινώσκειν
725 1699 813 1770 ιἰυτόι
832 1699 1047 1796 πειρώμενον,
1079 1708 1180 1787 δῆλον
1201 1699 1256 1776 ότι

242 1810 412 1904 κρείττονα
440 1810 547 1876 ταῦτα
576 1807 711 1899 ἐροῦμεν
739 1809 824 1874 ε’ῖναι
850 1807 910 1876 τοῦ
931 1813 1171 1897 γινωσκομένου
1194 1808 1255 1893 τὴν

244 1916 381 2000 γνῶσιν,
418 1913 504 2004 ε’ἱπερ
532 1907 689 2004 μεριστόν
707 1917 769 1996 μέν
789 1914 844 1976 καὶ
866 1911 900 1977 έν
919 1913 1087 2006 μεταβολῇ
1107 1909 1146 1980 τό
1169 1911 1253 1982 καθ’

244 2019 402 2096 ἕκαστον,
424 2009 443 2082 ό
466 2017 502 2083 δέ
524 2011 623 2102 λόγος
644 2009 726 2082 καθ’
750 2006 790 2082 όν
810 2014 919 2081 ταῦτα
941 2007 960 2080 ό
981 2016 1058 2093 νοός
1079 2011 1256 2106 ὁπρακτι·

244 2117 303 2200 κός
322 2115 487 2206 γινώσκει,
520 2112 707 2205 ἀδιαίρετός
727 2141 762 2184 τε
784 2123 840 2184 καλ
861 2111 1100 2204 ἇμετολβλητος.
1147 2111 1255 2188 Ὅταν

243 2225 279 2290 δέ
312 2219 413 2302 ολυτός
440 2220 524 2314 πρός
551 2217 669 2289 ἑαυτὸν
696 2215 971 2312 ἐπιστρεφόμενος
998 2226 1065 2288 καλ
1086 2217 1172 2291 κατὰ
1194 2221 1258 2304 τὰς

244 2322 459 2416 καθαρτικός
491 2326 626 2416 ενεργών
656 2319 775 2416 ἀρετὰς
804 2321 863 2406 τὴν
895 2319 1011 2392 οὐσίαν
1043 2320 1103 2408 τὴν
1134 2328 1257 2396 εαυτοῦ

242 2430 375 2522 θεωρῇ,
411 2423 586 2516 σόστοιχον
614 2429 698 2495 ε’ῑναι
728 2421 855 2514 ἀνάγκη
882 2427 928 2521 τῷ
948 2432 1174 2524 γινωσκομένη)
1197 2429 1257 2514 τὴν

245 2534 374 2658 γνῶσιν.
407 2522 512 2599 Ὅταν
533 2533 570 2597 δέ
589 2555 625 2616 γε
646 2526 844 2598 ἇνελθών’
828 2535 879 2596 επὶ
908 2527 948 2597 τό
977 2527 1164 2622 ἀκρότατον
1197 2537 1255 2617 τῆς

245 2636 366 2702 ἑαυτοῦ
398 2629 600 2715 τελειότητος
636 2639 691 2701 καὶ
719 2631 780 2712 τὰς
808 2631 1019 2762 θεωρητικός
1047 2637 1112 2702 τών
1133 2631 1259 2728 ἆρετών

244 2732 527 2857 προχειριζόμενος
552 2739 669 2862 θεωρῇ
696 2733 739 2803 τό
767 2741 839 2826 περὶ
864 2739 926 2804 τών
947 2737 1052 2806 θειων
1073 2736 1257 2825 διακοσμή-

244 2863 343 2921 σεων,
371 2845 427 2906 καὶ
448 2830 536 2917 ὅπως
558 2841 592 2906 ἐκ
613 2864 672 2921 της
643 2839 772 2927 γςμιᾶς
794 2840 857 2906 τών
878 2835 1009 2908 πόντων
1030 2836 1134 2964 ἀρχῆς
1156 2837 1258 2912 ἆυταλ

243 2938 468 3064 παρώγονται,
490 2949 547 3010 και
567 2968 617 3022 τις
639 2939 777 3025 ἑκάστης
797 2937 818 3024 ἡ
842 2939 984 3024 ιὸιότης,
1013 2969 1149 3064 χειρρνα
1171 2948 1258 3016 έῑναι

243 3041 369 3164 ρἰνόγκη
391 3048 450 3113 τοῦ
476 3051 717 3134 γινωσκομένου
745 3043 807 3128 τὴν
837 3048 966 3132 γνώσιν.
1028 3043 1213 3116 Τοότων’
1196 3073 1257 3117 ουν

244 3145 349 3227 όότως
364 3145 516 3237 ἐχόντων,
539 3151 655 3240 ῥητέον
669 3147 747 3228 τοὺς
762 3145 868 3227 θεοὺς
881 3145 1051 3234 γινώσκειν
1064 3159 1124 3224 ιιέν
1145 3147 1257 3220 κιόντα

244 3249 287 3318 τόι
307 3248 487 3338 γεγονότα,
510 3259 566 3318 καὶ
587 3248 628 3318 τό
651 3249 732 3320 ὅντα
743 3303 752 3334 ,
774 3257 830 3318 καλ
851 3249 895 3318 τὰ
916 3249 1056 3342 ἐσόμενοι
1076 3251 1099 3336 ἢ
1119 3259 1258 3341 μέλλον-

242 3381 285 3422 τα
307 3352 365 3422 τόν
386 3360 483 3437 θεοῖς
503 3351 711 3485 πρρςὴκοντα
733 3349 857 3446 τρόπον
868 3407 878 3438 ,
919 3359 1019 3424 τοῦτο
1040 3360 1077 3425 δέ
1098 3361 1169 3425 ἐστι
1189 3362 1255 3460 μιᾷ

242 3465 299 3526 καὶ
321 3454 479 3554 ὡρισμένῃ
508 3465 563 3527 καὶ
592 3453 850 3550 dperassdtffl)
882 3455 1016 3546 γνώσει,
1053 3456 1166 3553 διόπερ
1197 3470 1256 3530 καλ

243 3563 308 3628 τῶν
329 3563 540 3688 ἐνδεχομένων
567 3564 813 3656 περιειληφέναι
842 3558 900 3644 τὴν
932 3563 1075 3646 εἰδησιν,
1112 3556 1170 3632 ἅτε
1198 3572 1258 3634 καλ

243 3689 354 3732 παντα
377 3662 418 3731 τόι
440 3666 473 3731 ἒν
493 3665 539 3758 τῷ
561 3658 674 3756 κόσμῳ
696 3689 909 3755 παραγοντας
917 3718 926 3748 ,
955 3674 1012 3735 καὶ
1033 3670 1097 3736 τῶν
1117 3666 1222 3756 μέν’
1201 3681 1255 3736 αϊ-

241 3769 318 3836 δὶων
340 3763 460 3834 οὐσιῶν
481 3763 608 3844 ἆιτέους
629 3763 744 3846 ὄντας,
784 3770 848 3836 τῶν
874 3772 909 3836 δέ
895 3773 1091 3855 έγεννητών
1112 3797 1252 3860 προςαι.

241 3895 348 3951 τιονς,
371 3861 460 3936 κατὰ
478 3893 538 3946 τας
560 3864 682 3960 οἰκείας
702 3866 854 3992 ε’κριστοις
875 3869 982 3940 ἆυτών
997 3876 1172 3967 ἐνεργείας,
1197 3883 1254 3944 και

243 3971 314 4042 όῐον
337 3969 483 4064 όρώντας
504 3968 564 4040 οὐκ
584 3967 690 4052 αυτὰς
709 3970 812 4061 μόνον
834 3971 895 4054 τόις
917 3973 1052 4058 οόσὶας,
1089 3976 1176 4046 ἀλλὰ
1201 3985 1255 4046 καὶ
