2782 4790
1061 437 1101 498 83

79 608 138 668 ob
160 605 193 666 id
215 603 379 668 interitura
396 603 441 666 sit
464 603 578 672 Mundi
600 603 754 678 beatitas,
796 617 830 666 ut
858 625 916 667 neo
938 607 1049 672 domus
1072 616 1103 668 et

94 706 195 788 patris
217 706 350 770 familias
373 709 416 770 ob
439 727 605 772 servorum
627 705 863 794 negligentiam.
1035 711 1038 716 '

535 895 671 958 XXVI.

161 1019 261 1100 Quod
283 1039 363 1090 vero
390 1017 531 1080 dubitant
558 1037 596 1078 an
622 1016 693 1079 talis
720 1017 761 1080 sit
788 1017 820 1081 in
844 1019 935 1082 nobis
954 1019 1103 1097 libertas,

94 1121 219 1205 qualem
247 1121 312 1185 fert
338 1119 503 1190 bominum
528 1119 703 1182 communis
729 1130 761 1182 et
786 1120 953 1203 anticipata
976 1123 1104 1206 opinio,

94 1246 132 1288 ea
162 1223 317 1290 dubitatio
347 1243 412 1287 non
445 1220 511 1285 sine
545 1220 631 1286 omni
659 1233 706 1284 est
736 1221 871 1290 ratione,
927 1225 990 1290 Sed
1021 1228 1108 1307 quod

93 1326 159 1392 istis
183 1324 332 1389 dubitatis
362 1336 511 1408 tanquam
542 1323 604 1386 iam
631 1324 724 1406 plane
755 1324 787 1387 in
815 1325 964 1394 confesso
993 1327 1105 1407 positis

94 1451 133 1496 eo
156 1429 400 1512 provehuntur,
425 1428 590 1495 attollant
609 1447 645 1490 ea
664 1449 726 1510 qua
744 1439 818 1489 sunt
843 1429 1104 1506 manifestissima,

93 1535 239 1596 umbram
267 1552 347 1595 vero
377 1543 409 1595 et
438 1532 544 1596 ludum
569 1529 686 1594 saciant
704 1553 763 1598 ,res
794 1551 902 1596 omnes
932 1534 1104 1610 humanas,
1144 1523 1148 1534 ’

96 1648 127 1700 et
149 1647 263 1700 eontra
283 1635 364 1699 haee
387 1633 491 1698 omnia
523 1645 666 1718 pugnent
692 1655 754 1717 pro
780 1634 840 1698 illis
872 1635 992 1714 dubiis,
1026 1659 1107 1720 quo-

95 1741 190 1804 modo
215 1759 279 1800 non
305 1736 465 1801 aratione
489 1737 528 1801 sit
548 1735 732 1799 remotum?
764 1739 840 1800 Non
866 1733 964 1818 enirn,
989 1739 1016 1802 si
1038 1741 1107 1824 quis
1149 1816 1154 1826 x

96 1843 223 1908 solvere
246 1861 311 1903 non
333 1850 440 1922 potest
463 1839 602 1904 Zenonis
623 1851 828 1923 argumenta,
855 1841 968 1922 quibus
991 1843 1108 1908 motio.

95 1967 165 2008 nem
200 1953 388 2026 oppugnat,
427 1941 499 2004 ideo
530 1945 673 2025 neganda
715 1953 762 2006 est
794 1943 860 2005 ulla
892 1965 962 2007 esse
994 1945 1106 2014 motio.

95 2047 245 2110 Validior
267 2045 348 2110 enim
367 2045 407 2106 ad
439 2065 600 2108 assensum
635 2045 865 2125 impetrandum
903 2068 1009 2110 rerum
1042 2049 1109 2112 evi.

97 2151 223 2227 dantia,
249 2171 342 2233 quatu
366 2148 487 2241 omnis,
519 2168 599 2230 quae
619 2160 731 2211 contra
755 2148 910 2226 affertur,
935 2149 1108 2218 verborum

98 2255 261 2318 illecebra.

158 2359 207 2424 At
232 2378 313 2424 voro
336 2378 395 2420 neo
418 2357 473 2418 abs
494 2377 530 2418 re
553 2355 613 2422 erit
639 2355 867 2434 dubitationum
890 2381 961 2434 ens,
996 2358 1109 2443 quibus

97 2461 141 2524 illi
164 2460 303 2526 maxime
327 2459 446 2534 fidunt,
484 2459 517 2521 in
547 2481 656 2523 manus
686 2481 831 2537 sumere,
871 2474 902 2525 et
925 2463 1000 2544 quid
1016 2463 1049 2527 in
1075 2483 1109 2526 se

99 2566 234 2631 habeant
255 2565 446 2644 expendere.
479 2563 644 2624 -Fortasse
667 2563 748 2624 euim
767 2563 960 2645 reperiemus
983 2565 1060 2632 nihil
1078 2565 1110 2630 in

98 2668 152 2744 iis,
177 2688 259 2751 quae
282 2667 457 2742 obiectant,
484 2686 552 2730 esse
576 2664 694 2748 magni.
739 2665 785 2741 Si,
815 2664 918 2728 aiunt:
940 2667 974 2730 id
996 2667 1027 2732 iu
1048 2689 1108 2730 no·

98 2783 161 2834 stra
183 2780 433 2851 estpotestate,
464 2767 550 2830 cuius
575 2779 605 2831 et
625 2767 786 2830 contraria
808 2790 905 2853 agere
927 2791 1107 2851 possumus,

97 2887 127 2938 et
146 2874 234 2940 eirca
257 2894 308 2936 res
330 2872 409 2954 tales
436 2882 603 2938 versantur
625 2869 820 2934 laudationes
844 2883 875 2934 et
901 2872 1109 2955 vituperatio.

99 2999 176 3054 nes,
215 2977 416 3040 hortamenta
445 2985 477 3042 et
510 2971 768 3047 dehortationes,
804 2995 928 3055 poenae
961 2987 993 3038 ot
1017 2999 1110 3059 praes

99 3080 181 3161 mia,
217 3099 283 3146 non
316 3076 377 3158 erit
409 3076 442 3141 in
468 3086 627 3157 potestate
652 3073 815 3138 bominum
835 3078 1014 3156 proborum
1042 3099 1111 3145 esse

98 3185 221 3265 probos
249 3193 281 3244 et
302 3179 437 3244 virtutes
457 3178 488 3240 in
511 3199 544 3240 se
565 3177 704 3242 habero:
736 3177 808 3260 quia
827 3178 946 3245 scilicet
969 3182 1111 3264 recipere

100 3287 131 3352 in
164 3307 200 3351 se
233 3305 297 3352 non
313 3283 466 3364 ‘possunt
492 3280 589 3358 vitia,
636 3301 717 3363 quae
742 3280 810 3349 istis
839 3281 1008 3346 virtutibus
1040 3295 1112 3346 snut

98 3387 270 3456 contraria.
337 3385 391 3450 Sic
422 3403 525 3466 neque
556 3382 632 3450 vitia
660 3383 693 3448 in
727 3382 919 3452 vitiosorum
950 3384 1112 3453 hominum

98 3504 191 3556 erunt
218 3500 399 3574 potestate,
433 3506 536 3569 neque
561 3486 696 3550 enimin
719 3506 831 3550 eornm
855 3497 1014 3566 potestate
1044 3500 1110 3566 est,

98 3607 132 3658 ut
149 3593 223 3658 mali
245 3613 311 3658 non
337 3591 414 3659 sint.
464 3588 565 3670 Atqui
584 3590 737 3658 absonum
760 3588 801 3656 sit
827 3588 931 3654 dicere
957 3611 1020 3659 non
1044 3613 1112 3656 esse

99 3699 130 3764 in
156 3709 269 3762 nostra
291 3704 448 3778 potestate
472 3692 604 3756 virtutes
628 3703 659 3754 et
689 3691 778 3758 vitia.
823 3693 899 3758 Non
928 3691 1028 3776 igitur
1050 3695 1113 3760 tale

14 3803 16 3818 l
101 3815 147 3870 est
181 3802 275 3885 quale
303 3797 444 3868 creditur
472 3795 505 3864 id
535 3795 621 3885 quod
653 3793 685 3862 iu
714 3805 870 3879 potestate
901 3805 1012 3862 nostra
1044 3815 1113 3862 esse

102 3905 231 3976 dicitur.
