2758 4790
136 531 227 598 sitate
246 529 498 607 recanescant,
533 551 746 616 quaecumque
767 531 918 611 fecerint,
950 557 1053 620 neque
1079 537 1130 600 vel
1233 595 1236 602 .

136 638 185 702 sui
214 636 345 728 amplius
374 634 494 698 arbitrii
518 634 619 699 futuri
648 637 700 699 vel
733 633 843 701 liberi:
888 637 942 701 Dii
966 661 1046 703 vero
1078 641 1130 702 vel

137 739 280 804 vacaturi
307 738 434 802 omnino
456 760 476 801 a
496 737 655 821 suppliciis
675 739 913 822 improborum,
949 743 1000 806 vel
1024 742 1132 806 imme·
1184 730 1188 740 ’

135 842 201 907 rito
222 840 381 925 punituri,
416 839 568 925 siquidem
589 842 669 906 ¹mali
696 843 757 907 sint
782 866 824 909 ex
844 844 1025 910 necessitate
1047 845 1131 910 mali.

136 947 261 1010 Verum
285 944 429 1008 homines
460 955 532 1007 stmt
560 943 608 1008 sui
631 943 774 1021 arbitrii,
812 966 876 1009 non
905 948 993 1031 quod
1017 946 1130 1010 nullius
1197 1025 1201 1037 ἱ

136 1049 270 1133 imperio
287 1059 435 1131 pareant,
470 1047 522 1112 vel
546 1046 624 1112 alius
648 1047 700 1110 vel
723 1047 866 1130 ipsorum
887 1048 1047 1126 Deorum,
1078 1051 1133 1112 sed

137 1155 224 1236 quod
250 1151 386 1215 habeant
412 1149 495 1214 intra
521 1170 556 1214 se
580 1151 735 1235 quenmrn
752 1150 983 1234 principatum,
1014 1152 1135 1216 scilicet

136 1266 290 1332 mentem,
313 1255 465 1339 pleraque
489 1275 569 1322 vero
598 1273 677 1338 quae
705 1265 848 1336 pareant.
892 1255 937 1319 Et
963 1255 1133 1318 multorum

136 1359 262 1444 quidem
282 1358 416 1434 horum,
439 1379 502 1422 una
519 1377 598 1441 quae
621 1357 772 1440 optimum
795 1370 842 1422 est
862 1370 973 1422 natura
989 1359 1022 1421 in
1040 1358 1133 1421 nobis

82 1461 86 1470 ’
136 1461 263 1527 domina
283 1482 369 1524 mens
395 1473 455 1524 est.
506 1461 582 1546 Ipsa
612 1481 692 1526 vero
718 1484 803 1526 mens
832 1464 919 1546 qnod
946 1483 1048 1544 porro
1075 1482 1133 1543 pa-

133 1578 204 1654 reat
226 1564 341 1629 nemini
365 1564 426 1628 dici
448 1585 513 1629 non
533 1576 657 1646 potest:
688 1565 805 1649 quippe
824 1585 916 1651 quam
938 1565 1041 1649 primo
1063 1563 1132 1649 qni·
1244 1607 1249 1618 .

137 1672 208 1734 dem
233 1688 284 1732 res
310 1679 456 1732 externas
483 1667 573 1753 sequi
593 1669 667 1734 satis
690 1681 737 1734 est
764 1669 978 1733 manifestum:
1024 1667 1134 1732 deinde

135 1773 211 1837 licet
245 1792 310 1836 non
340 1769 372 1835 in
400 1771 545 1836 omnibns
577 1775 617 1836 ab
651 1773 759 1836 iisdem
792 1774 887 1838 rebus
913 1775 1024 1836 eodem
1055 1769 1135 1834 affici

138 1877 236 1940 modo
260 1873 476 1960 intelligatur,
514 1874 614 1940 minus
646 1887 749 1940 tamen
779 1888 863 1939 recte
900 1875 969 1960 quis
999 1875 1133 1953 iudicet,

136 1981 222 2044 illam
246 1989 419 2062 propterea
442 2001 507 2043 non
533 2001 574 2042 ex
599 1980 784 2048 necessitate
811 1999 863 2042 res
892 1975 1000 2063 sequi:
1037 1977 1135 2063 siqui·

136 2085 208 2146 dem
234 2091 388 2164 apparet,
420 2082 484 2146 boe
509 2092 541 2144 et
565 2103 584 2145 a
605 2082 729 2146 diversa
759 2081 909 2166 cuiusque
941 2081 1052 2144 mentis
1079 2103 1136 2150 na-

135 2198 208 2249 tura
234 2195 266 2248 et
290 2185 330 2248 ab
360 2183 585 2250 exercitatione
611 2183 785 2269 proficisci.
842 2185 925 2248 Nam
950 2187 1057 2248 eadem
1083 2205 1135 2248 res
1219 2226 1221 2240 ·

137 2308 342 2373 quaecunque
363 2287 507 2370 pluribus
533 2288 680 2374 quidem,
717 2289 774 2352 sed
793 2286 897 2372 aliqua
916 2286 999 2351 inter
1022 2308 1057 2350 se
1082 2309 1134 2350 ra-

136 2391 224 2456 tione
257 2390 389 2454 diversis
425 2412 619 2468 occurrens,
658 2390 798 2456 diversas
832 2391 925 2455 etiam
956 2389 1134 2454 necessario

136 2494 319 2558 affectiones
336 2496 507 2576 producet.
550 2492 668 2557 Differt
691 2494 772 2557 enim
799 2495 879 2558 baec
900 2514 986 2557 mens
1012 2493 1043 2557 in
1072 2491 1137 2556 siu·

137 2597 219 2684 gulis
244 2597 276 2660 el
301 2617 364 2681 qua
391 2608 534 2660 nattmam
556 2607 587 2659 et
608 2618 671 2682 qna
696 2595 967 2661 exercitationem.
1011 2597 1055 2660 Et
1079 2617 1136 2659 na·

137 2713 211 2765 tura
232 2699 357 2786 quidem
377 2699 432 2764 Dii
454 2712 526 2765 sunt
551 2699 686 2777 domini,
717 2697 951 2765 exercitationis
972 2718 1052 2764 vero
1081 2697 1137 2762 illa

139 2804 290 2888 cuiusque
314 2823 349 2866 se
365 2801 542 2866 exercentis
556 2801 684 2885 opinio,
708 2825 801 2886 quam
818 2802 906 2885 prius
924 2813 1034 2866 nactus
1056 2813 1135 2880 erat,

139 2928 296 2992 quamque
313 2905 442 2988 adipisci
459 2925 552 2968 nemo
572 2915 696 2987 potest,
719 2905 779 2969 nisi
797 2906 929 2968 docente
951 2905 1040 2982 Deo,
1082 2901 1138 2967 Sui

140 3031 223 3094 ergo
245 3019 318 3072 sunt
339 3005 460 3071 arbitrii
483 3007 625 3070 homines
654 3007 687 3072 in
715 3018 865 3090 quantum
889 3006 950 3071 sibi
968 3007 1134 3091 irnperant,

138 3112 214 3177 licet
249 3112 307 3174 snb
343 3110 420 3174 alius
449 3110 584 3194 imperio
618 3107 780 3174 constituti
804 3109 978 3192 imperentz
1025 3109 1140 3176 Liberi

140 3234 223 3279 vero
246 3215 479 3295 quodammodo
509 3225 637 3286 suntet
664 3234 729 3276 non
758 3224 843 3278 snnt.
901 3214 984 3276 Nam
1015 3213 1043 3278 si
1072 3235 1139 3276 eam

140 3315 212 3403 quis
229 3314 406 3379 libertatem
422 3314 573 3392 nominet,
598 3335 677 3402 quae
694 3337 758 3380 non
776 3315 817 3379 sit
834 3315 1013 3392 necessitas,
1038 3315 1139 3379 minus

138 3431 226 3485 recte
253 3417 297 3483 ita
319 3416 496 3482 nominasse
524 3418 693 3482 videbitur.
748 3415 896 3503 Cogetur
925 3417 1007 3481 enim
1027 3429 1138 3481 neces-

112 3523 264 3587 sitatem
298 3541 416 3585 vocare
443 3519 627 3586 servitutem
636 3545 650 3604 ιχ
678 3520 828 3586 servituri
855 3541 935 3584 vcro
963 3519 1138 3585 dominatus

141 3625 267 3710 qnidam
291 3645 359 3689 esse
378 3624 493 3701 debet,
531 3622 582 3687 cui
598 3637 633 3688 nt
651 3624 786 3689 servitus
808 3621 922 3687 subsit.
966 3623 1031 3688 Sed
1051 3623 1138 3707 quis-

143 3749 215 3792 nam
238 3740 304 3791 tum
330 3725 390 3790 erit
412 3727 609 3802 dominatus,
645 3725 695 3789 cni
719 3749 784 3791 non
810 3726 931 3792 servire
952 3747 1079 3790 necesse
1098 3725 1139 3789 sit

143 3830 255 3894 'summi
275 3829 320 3893 illi
344 3827 536 3906 necessitati,
561 3849 641 3911 quae
658 3831 732 3894 sola'
748 3852 807 3913 per
825 3852 859 3892 se
880 3842 927 3893 est
948 3827 1135 3904 necessaria,

144 3955 215 3998 cum
240 3931 360 4017 reliqna
381 3955 439 4017 per
463 3934 561 4017 ipsam
589 3931 671 4009 sint,
715 3953 871 4016 quamque
895 3935 997 4016 ipsum
1022 3934 1140 3997 bonum
