2828 4792
1120 354 1157 414 71

157 528 246 607 Quae
269 549 339 588 cum
361 525 403 588 ita
425 548 458 588 se
479 526 630 599 habeant,
655 525 685 586 in
709 537 820 608 aperto
843 537 889 588 est
904 525 1072 606 sapientiae
1091 535 1157 586 stu-

156 630 251 693 diosis
282 651 350 691 eam
380 630 461 691 viam
490 631 744 710 praeferendam,
781 651 873 712 qnam
904 641 934 692 et
963 625 1022 710 ipsi
1051 628 1158 692 ineant

155 732 251 796 tutius
275 744 306 796 et
328 732 424 796 tutius
448 732 514 796 aliis
537 744 724 798 monstrent.
1111 737 1114 744 '

596 1025 714 1091 XXII.

217 1130 278 1196 His
298 1133 377 1194 bene
400 1129 603 1194 consideratis
632 1152 695 1194 ιιοιι
723 1132 777 1192 abs
796 1151 831 1193 re
854 1131 912 1212 erit
933 1131 965 1194 in
985 1141 1156 1212 conspectu

155 1253 297 1317 ponere,
329 1255 408 1315 quae
431 1235 470 1296 ab
493 1233 553 1296 illis
573 1235 611 1296 de
635 1234 716 1296 Fato
739 1233 902 1310 dicuntur,
940 1246 974 1296 ut
996 1234 1155 1296 videamus

154 1323 283 1419 ecquam
319 1336 404 1399 illam
439 1339 573 1398 habeant
610 1336 679 1398 vim.
708 1348 845 1412 tantam,
891 1330 926 1399 ut
954 1357 1085 1418 aequum
1116 1337 1158 1398 sit
1180 1333 1192 1347 ¹

153 1450 288 1520 propter
302 1460 370 1501 eam
385 1461 478 1522 quam
494 1439 554 1501 ista
568 1441 684 1501 habent
699 1461 769 1502 cum
784 1461 863 1502 vero
874 1440 1152 1522 propinquitatem,
1236 1471 1238 1478 ⁴

153 1542 205 1604 illa
234 1541 295 1606 alia
319 1545 397 1605 adeo
420 1541 588 1624 perspicua
610 1543 723 1606 deseri.
768 1545 955 1624 Loquemur
983 1555 1084 1604 autem
1118 1565 1155 1604 ea

153 1647 191 1706 de
211 1666 247 1706 re
273 1657 422 1728 quantum
446 1644 520 1708 huic
544 1644 685 1708 instituto
710 1647 876 1724 conducet.
921 1646 1020 1708 Aiunt
1038 1645 1153 1730 igitur:

152 1769 224 1808 cum
246 1747 429 1812 universum
450 1750 514 1812 hoc
530 1770 626 1810 unum
644 1747 701 1823 sit,
727 1759 757 1809 et
775 1770 825 1810 res
847 1769 954 1810 omnes
969 1749 999 1810 in
1021 1771 1154 1811 secon-
1198 1767 1202 1777 “

153 1850 266 1925 tineat,
298 1862 329 1912 et
352 1872 369 1912 a
393 1863 504 1916 natura
525 1863 655 1936 regatur
678 1849 822 1924 vivente,
857 1851 987 1914 rationis
1014 1874 1103 1913 usum
1125 1863 1157 1914 et

153 1952 391 2038 intelligentiam
412 1956 565 2030 habente,
589 1975 657 2015 esse
673 1953 702 2016 in
724 1975 761 2015 eo
782 1954 1041 2038 gubernationem
1057 1976 1155 2037 quan-

154 2059 223 2118 dam
244 2069 451 2138 perpetuam,
476 2079 556 2139 quae
577 2057 680 2130 serie,
720 2067 812 2138 atquc
835 2077 980 2119 connexu
1004 2059 1157 2138 procedat

153 2161 229 2236 tali,
253 2173 288 2222 ut
303 2159 514 2225 antecedentia
535 2143 804 2242 postfuturorum
827 2157 887 2220 sint
909 2181 1037 2226 causae:
1062 2173 1156 2243 atque

153 2264 194 2330 ita
218 2263 298 2346 aptis
324 2263 406 2324 inter
426 2284 460 2324 se
481 2275 511 2324 et
531 2262 685 2326 consertis
705 2266 800 2334 rebus
823 2264 1044 2339 omnibusne,
1070 2277 1103 2324 ut
1125 2265 1156 2328 in

153 2367 216 2430 hoc
241 2379 312 2430 toto
337 2365 414 2434 nihil
435 2367 511 2442 fiat,
544 2364 594 2428 cui
618 2388 683 2428 non
704 2365 746 2428 sit
767 2367 850 2431 aliud
867 2367 1026 2449 quippiam
1045 2388 1156 2429 conse.

154 2492 253 2554 quens
280 2480 328 2545 et,
353 2480 388 2530 ut
410 2491 521 2530 eatrsae
541 2489 638 2545 suae,
664 2491 858 2545 corrncxmn,
883 2491 942 2532 nee
967 2492 1046 2532 vero
1068 2472 1156 2553 quic-

153 2596 247 2658 quam
274 2594 385 2640 eorum
411 2593 490 2654 quae
512 2584 685 2656 seqtumtur
699 2566 755 2638 ‘ita
776 2572 859 2634 solvi
881 2593 976 2653 posse
1002 2577 1041 2636 ab
1067 2587 1156 2636 ante·

153 2677 270 2767 gressis
290 2677 404 2750 rebus,
428 2686 463 2738 ut
485 2695 549 2736 non
568 2675 654 2737 velut
673 2673 716 2744 eis
741 2675 918 2744 adiunctum
939 2676 1028 2760 sequi
1042 2678 1157 2742 habeat

152 2801 302 2852 necesse3
325 2781 381 2840 sed
403 2776 488 2841 omni
501 2777 548 2839 rei
566 2798 646 2859 quae
664 2775 738 2852 fiat,
763 2777 846 2840 aliud
863 2799 931 2841 esse
947 2791 1154 2862 consequens,
1198 2799 1199 2804 ’

153 2886 240 2968 quod
275 2884 315 2942 ab
348 2901 384 2943 ea
416 2892 563 2962 tanquam
593 2901 689 2964 causa
721 2902 777 2941 sua
808 2881 1000 2944 necessitatis
1028 2883 1155 2946 vinculo
1193 2903 1194 2906 ’

153 2989 307 3070 pendeat:
332 2995 363 3048 et
377 2987 489 3052 eontra
510 2981 659 3064 quicquid
681 2981 717 3042 fit
737 2981 769 3044 id
793 2983 909 3046 habere
932 2984 1047 3067 aliquid
1069 2998 1155 3048 ante-

152 3089 314 3174 positum,
350 3085 400 3148 cui
423 3098 460 3148 ut
481 3069 592 3156 causae
613 3086 792 3149 cohaereat.
837 3087 925 3148 Nihil
947 3088 1063 3169 quippe
1081 3089 1155 3152 ‘sine

153 3215 246 3258 causa
275 3192 307 3254 in
333 3191 396 3251 hoo
417 3189 543 3258 Mundo
569 3199 620 3250 aut
647 3208 714 3258 esse
741 3200 794 3260 aut
822 3187 892 3251 fieri
914 3189 986 3272 quia
1015 3190 1091 3260 nihil
1123 3190 1155 3253 in

152 3299 224 3379 ipso
244 3295 284 3357 sit
300 3291 438 3356 solutum
461 3303 491 3352 et
516 3302 695 3372 separatum
716 3292 755 3360 ab
775 3291 1058 3374 antegredientibus
1081 3315 1154 3356 cau·

152 3401 207 3468 sis.
220 3399 223 3406 ’
238 3398 339 3460 ·F0re
357 3393 437 3458 enim
459 3404 494 3456 ut
512 3393 678 3460 divellatur
695 3392 917 3476 dirimaturqne
939 3395 1002 3460 hoc
1017 3395 1154 3459 Univer·
1186 3399 1189 3402 ’

152 3483 239 3588 suni,
263 3520 323 3562 nec
339 3497 470 3579 amplius
493 3493 533 3558 sit
547 3501 641 3558 unum
657 3499 865 3582 gubernatum
887 3519 950 3568 uno
974 3499 1084 3562 ordine
1108 3513 1153 3562 at-

155 3627 215 3689 que
239 3599 487 3684 dispensatione,
525 3597 552 3660 si
579 3621 640 3682 qua
673 3600 772 3664 motio
804 3599 925 3672 oriatur
953 3601 1018 3664 sine
1042 3603 1151 3679 causa,
1235 3657 1243 3672 ,

156 3730 248 3791 quam
270 3703 393 3778 induci,
427 3701 454 3764 si
481 3708 545 3767 no'n
575 3699 678 3786 omnia
706 3714 887 3785 quaesunt
914 3725 1055 3788 quaetpte
1078 3707 1156 3796 fiunt

153 3813 289 3875 habeant
311 3827 419 3870 causas
441 3818 636 3890 antegressas
652 3827 728 3887 quas
743 3805 811 3886 ipsa
826 3807 1005 3871 necessario
1020 3829 1153 3892 sequan.

155 3926 218 3982 tur.
264 3909 390 3996 Quippe
411 3921 446 3980 ut
467 3908 550 3982 aliud
570 3907 625 3973 fiat
647 3907 712 3972 sine
735 3929 845 3995 causa,
884 3909 916 3972 itt
941 3911 1031 3993 plane
1054 3911 1153 3983 sinrile
