<?xml version="1.0" encoding="UTF-8"?>
<!DOCTYPE html PUBLIC "-//W3C//DTD XHTML 1.0 Transitional//EN"
    "http://www.w3.org/TR/xhtml1/DTD/xhtml1-transitional.dtd">
<html xmlns="http://www.w3.org/1999/xhtml" xml:lang="en" lang="en">
 <head>
  <title>
</title>
<meta http-equiv="Content-Type" content="text/html;charset=utf-8" />
  <meta name='ocr-system' content='tesseract 3.04.00' />
  <meta name='ocr-capabilities' content='ocr_page ocr_carea ocr_par ocr_line ocrx_word'/>
</head>
<body>
  <div class='ocr_page' id='page_1' title='image "./alexandriaphrod01bardgoog_0072.png"; bbox 0 0 2828 4792; ppageno 0'>
   <div class='ocr_carea' id='block_1_1' title="bbox 1084 301 1235 408">
    <p class='ocr_par' dir='ltr' id='par_1_1' title="bbox 1084 301 1235 408">
     <span class='ocr_line' id='line_1_1' title="bbox 1084 301 1235 408; baseline -0.007 -2"><span class='ocrx_word' id='word_1_1' title='bbox 1084 324 1158 408; x_wconf 54' lang='lat' dir='ltr'><strong>st)</strong></span> <span class='ocrx_word' id='word_1_2' title='bbox 1229 301 1235 309; x_wconf 38' lang='lat'>⁸</span> 
     </span>
    </p>
   </div>
   <div class='ocr_carea' id='block_1_2' title="bbox 29 507 1228 4006">
    <p class='ocr_par' dir='ltr' id='par_1_2' title="bbox 121 507 1184 2534">
     <span class='ocr_line' id='line_1_2' title="bbox 123 507 1123 595; baseline 0.004 -23"><span class='ocrx_word' id='word_1_3' title='bbox 123 509 161 572; x_wconf 86' lang='lat' dir='ltr'><strong>ad</strong></span> <span class='ocrx_word' id='word_1_4' title='bbox 184 507 606 594; x_wconf 58' lang='lat' dir='ltr'><strong>centesimumque,</strong></span> <span class='ocrx_word' id='word_1_5' title='bbox 631 512 704 595; x_wconf 84' lang='lat' dir='ltr'><strong>quia</strong></span> <span class='ocrx_word' id='word_1_6' title='bbox 724 512 844 576; x_wconf 82' lang='lat' dir='ltr'><strong>scilicet</strong></span> <span class='ocrx_word' id='word_1_7' title='bbox 868 513 938 585; x_wconf 88' lang='lat' dir='ltr'><strong>talis</strong></span> <span class='ocrx_word' id='word_1_8' title='bbox 963 525 1010 578; x_wconf 86' lang='lat' dir='ltr'><strong>est</strong></span> <span class='ocrx_word' id='word_1_9' title='bbox 1032 523 1123 576; x_wconf 88' lang='lat' dir='ltr'><strong>natu-</strong></span> 
     </span>
     <span class='ocr_line' id='line_1_3' title="bbox 121 601 1123 698; baseline 0.002 -23"><span class='ocrx_word' id='word_1_10' title='bbox 121 633 198 690; x_wconf 88' lang='lat' dir='ltr'><strong>rae,</strong></span> <span class='ocrx_word' id='word_1_11' title='bbox 237 613 334 676; x_wconf 84' lang='lat' dir='ltr'><strong>itaet</strong></span> <span class='ocrx_word' id='word_1_12' title='bbox 361 601 399 676; x_wconf 77' lang='lat' dir='ltr'><strong>dc</strong></span> <span class='ocrx_word' id='word_1_13' title='bbox 427 613 483 688; x_wconf 87' lang='lat' dir='ltr'><strong>iis,</strong></span> <span class='ocrx_word' id='word_1_14' title='bbox 522 635 604 698; x_wconf 87' lang='lat' dir='ltr'><strong>qnae</strong></span> <span class='ocrx_word' id='word_1_15' title='bbox 630 637 648 676; x_wconf 89' lang='lat' dir='ltr'><strong>a</strong></span> <span class='ocrx_word' id='word_1_16' title='bbox 673 615 765 680; x_wconf 89' lang='lat' dir='ltr'><strong>nobis</strong></span> <span class='ocrx_word' id='word_1_17' title='bbox 788 615 850 680; x_wconf 86' lang='lat' dir='ltr'><strong>alio</strong></span> <span class='ocrx_word' id='word_1_18' title='bbox 871 628 1015 698; x_wconf 89' lang='lat' dir='ltr'><strong>tempore</strong></span> <span class='ocrx_word' id='word_1_19' title='bbox 1035 616 1123 678; x_wconf 83' lang='lat' dir='ltr'><strong>aliter</strong></span> 
     </span>
     <span class='ocr_line' id='line_1_4' title="bbox 123 717 1125 794; baseline 0.002 -16"><span class='ocrx_word' id='word_1_20' title='bbox 123 717 216 792; x_wconf 84' lang='lat' dir='ltr'><strong>fiant,</strong></span> <span class='ocrx_word' id='word_1_21' title='bbox 256 717 364 780; x_wconf 89' lang='lat' dir='ltr'><strong>iisdem</strong></span> <span class='ocrx_word' id='word_1_22' title='bbox 396 719 491 780; x_wconf 88' lang='lat' dir='ltr'><strong>robus</strong></span> <span class='ocrx_word' id='word_1_23' title='bbox 522 738 587 781; x_wconf 92' lang='lat' dir='ltr'><strong>non</strong></span> <span class='ocrx_word' id='word_1_24' title='bbox 617 717 933 794; x_wconf 81' lang='lat' dir='ltr'><strong>circumsistentibus,</strong></span> <span class='ocrx_word' id='word_1_25' title='bbox 971 741 1035 782; x_wconf 90' lang='lat' dir='ltr'><strong>non</strong></span> <span class='ocrx_word' id='word_1_26' title='bbox 1065 717 1125 780; x_wconf 91' lang='lat' dir='ltr'><strong>alia</strong></span> 
     </span>
     <span class='ocr_line' id='line_1_5' title="bbox 123 821 1125 909; baseline 0.001 -28"><span class='ocrx_word' id='word_1_27' title='bbox 123 842 216 882; x_wconf 87' lang='lat' dir='ltr'><strong>causa</strong></span> <span class='ocrx_word' id='word_1_28' title='bbox 241 822 418 902; x_wconf 88' lang='lat' dir='ltr'><strong>quaerenda</strong></span> <span class='ocrx_word' id='word_1_29' title='bbox 440 831 488 884; x_wconf 88' lang='lat' dir='ltr'><strong>cst</strong></span> <span class='ocrx_word' id='word_1_30' title='bbox 509 831 636 901; x_wconf 87' lang='lat' dir='ltr'><strong>praeter</strong></span> <span class='ocrx_word' id='word_1_31' title='bbox 659 821 831 909; x_wconf 77' lang='lat' dir='ltr'><strong>bominem.</strong></span> <span class='ocrx_word' id='word_1_32' title='bbox 875 822 950 885; x_wconf 92' lang='lat' dir='ltr'><strong>Hoc</strong></span> <span class='ocrx_word' id='word_1_33' title='bbox 975 821 1055 884; x_wconf 88' lang='lat' dir='ltr'><strong>enim</strong></span> <span class='ocrx_word' id='word_1_34' title='bbox 1077 832 1125 883; x_wconf 89' lang='lat' dir='ltr'><strong>est</strong></span> 
     </span>
     <span class='ocr_line' id='line_1_6' title="bbox 123 922 1184 1005; baseline 0.002 -21"><span class='ocrx_word' id='word_1_35' title='bbox 123 922 280 989; x_wconf 88' lang='lat' dir='ltr'><strong>hominem</strong></span> <span class='ocrx_word' id='word_1_36' title='bbox 307 943 375 984; x_wconf 86' lang='lat' dir='ltr'><strong>esse</strong></span> <span class='ocrx_word' id='word_1_37' title='bbox 398 943 523 984; x_wconf 89' lang='lat' dir='ltr'><strong>causam</strong></span> <span class='ocrx_word' id='word_1_38' title='bbox 544 944 613 986; x_wconf 88' lang='lat' dir='ltr'><strong>esse</strong></span> <span class='ocrx_word' id='word_1_39' title='bbox 638 935 670 986; x_wconf 88' lang='lat' dir='ltr'><strong>et</strong></span> <span class='ocrx_word' id='word_1_40' title='bbox 690 924 879 1005; x_wconf 78' lang='lat' dir='ltr'><strong>principiaun</strong></span> <span class='ocrx_word' id='word_1_41' title='bbox 898 945 1004 986; x_wconf 89' lang='lat' dir='ltr'><strong>carum</strong></span> <span class='ocrx_word' id='word_1_42' title='bbox 1026 922 1124 986; x_wconf 85' lang='lat' dir='ltr'><strong>actio·</strong></span> <span class='ocrx_word' id='word_1_43' title='bbox 1182 941 1184 948; x_wconf 61' lang='lat'><strong>⁴</strong></span> 
     </span>
     <span class='ocr_line' id='line_1_7' title="bbox 124 1024 1126 1108; baseline -0.001 -20"><span class='ocrx_word' id='word_1_44' title='bbox 124 1049 214 1102; x_wconf 74' lang='lat' dir='ltr'><strong>ntem,</strong></span> <span class='ocrx_word' id='word_1_45' title='bbox 251 1045 332 1108; x_wconf 86' lang='lat' dir='ltr'><strong>quae</strong></span> <span class='ocrx_word' id='word_1_46' title='bbox 358 1024 536 1106; x_wconf 87' lang='lat' dir='ltr'><strong>peripsum</strong></span> <span class='ocrx_word' id='word_1_47' title='bbox 562 1027 708 1096; x_wconf 83' lang='lat' dir='ltr'><strong>eduntur.</strong></span> <span class='ocrx_word' id='word_1_48' title='bbox 767 1027 862 1108; x_wconf 87' lang='lat' dir='ltr'><strong>Quod</strong></span> <span class='ocrx_word' id='word_1_49' title='bbox 888 1039 991 1102; x_wconf 80' lang='lat' dir='ltr'><strong>autern</strong></span> <span class='ocrx_word' id='word_1_50' title='bbox 1013 1025 1126 1089; x_wconf 87' lang='lat' dir='ltr'><strong>dicitur</strong></span> 
     </span>
     <span class='ocr_line' id='line_1_8' title="bbox 123 1113 1141 1219; baseline -0.001 -27"><span class='ocrx_word' id='word_1_51' title='bbox 123 1129 215 1192; x_wconf 89' lang='lat' dir='ltr'><strong>etiam</strong></span> <span class='ocrx_word' id='word_1_52' title='bbox 237 1149 292 1192; x_wconf 89' lang='lat' dir='ltr'><strong>eos</strong></span> <span class='ocrx_word' id='word_1_53' title='bbox 316 1127 370 1210; x_wconf 90' lang='lat' dir='ltr'><strong>qui</strong></span> <span class='ocrx_word' id='word_1_54' title='bbox 388 1127 565 1192; x_wconf 81' lang='lat' dir='ltr'><strong>consultant</strong></span> <span class='ocrx_word' id='word_1_55' title='bbox 593 1127 626 1190; x_wconf 91' lang='lat' dir='ltr'><strong>id</strong></span> <span class='ocrx_word' id='word_1_56' title='bbox 655 1113 835 1219; x_wconf 78' lang='lat' dir='ltr'><strong>approbare</strong></span> <span class='ocrx_word' id='word_1_57' title='bbox 860 1131 946 1212; x_wconf 89' lang='lat' dir='ltr'><strong>quod</strong></span> <span class='ocrx_word' id='word_1_58' title='bbox 971 1129 1045 1210; x_wconf 86' lang='lat' dir='ltr'><strong>ipsis</strong></span> <span class='ocrx_word' id='word_1_59' title='bbox 1069 1151 1141 1211; x_wconf 52' lang='lat' dir='ltr'><strong>ap»</strong></span> 
     </span>
     <span class='ocr_line' id='line_1_9' title="bbox 121 1230 1125 1315; baseline -0.002 -19"><span class='ocrx_word' id='word_1_60' title='bbox 121 1233 321 1315; x_wconf 76' lang='lat' dir='ltr'><strong>probandum</strong></span> <span class='ocrx_word' id='word_1_61' title='bbox 342 1230 483 1304; x_wconf 86' lang='lat' dir='ltr'><strong>videtur,</strong></span> <span class='ocrx_word' id='word_1_62' title='bbox 521 1253 559 1292; x_wconf 90' lang='lat' dir='ltr'><strong>ac</strong></span> <span class='ocrx_word' id='word_1_63' title='bbox 578 1230 712 1311; x_wconf 85' lang='lat' dir='ltr'><strong>proinde</strong></span> <span class='ocrx_word' id='word_1_64' title='bbox 739 1253 794 1294; x_wconf 90' lang='lat' dir='ltr'><strong>eos</strong></span> <span class='ocrx_word' id='word_1_65' title='bbox 817 1253 881 1295; x_wconf 94' lang='lat' dir='ltr'><strong>non</strong></span> <span class='ocrx_word' id='word_1_66' title='bbox 907 1231 1007 1294; x_wconf 90' lang='lat' dir='ltr'><strong>miuus</strong></span> <span class='ocrx_word' id='word_1_67' title='bbox 1033 1253 1125 1314; x_wconf 91' lang='lat' dir='ltr'><strong>quam</strong></span> 
     </span>
     <span class='ocr_line' id='line_1_10' title="bbox 123 1331 1125 1414; baseline -0.002 -16"><span class='ocrx_word' id='word_1_68' title='bbox 123 1347 250 1398; x_wconf 86' lang='lat' dir='ltr'><strong>caetera</strong></span> <span class='ocrx_word' id='word_1_69' title='bbox 268 1331 432 1396; x_wconf 80' lang='lat' dir='ltr'><strong>animantia</strong></span> <span class='ocrx_word' id='word_1_70' title='bbox 451 1332 520 1414; x_wconf 89' lang='lat' dir='ltr'><strong>rapi</strong></span> <span class='ocrx_word' id='word_1_71' title='bbox 542 1333 640 1410; x_wconf 85' lang='lat' dir='ltr'><strong>visis,</strong></span> <span class='ocrx_word' id='word_1_72' title='bbox 670 1333 703 1396; x_wconf 93' lang='lat' dir='ltr'><strong>id</strong></span> <span class='ocrx_word' id='word_1_73' title='bbox 728 1331 838 1398; x_wconf 87' lang='lat' dir='ltr'><strong>verum</strong></span> <span class='ocrx_word' id='word_1_74' title='bbox 859 1354 923 1398; x_wconf 92' lang='lat' dir='ltr'><strong>non</strong></span> <span class='ocrx_word' id='word_1_75' title='bbox 946 1345 1005 1396; x_wconf 86' lang='lat' dir='ltr'><strong>est.</strong></span> <span class='ocrx_word' id='word_1_76' title='bbox 1049 1337 1125 1396; x_wconf 91' lang='lat' dir='ltr'><strong>Non</strong></span> 
     </span>
     <span class='ocr_line' id='line_1_11' title="bbox 122 1436 1122 1521; baseline -0.005 -19"><span class='ocrx_word' id='word_1_77' title='bbox 122 1439 201 1506; x_wconf 85' lang='lat' dir='ltr'><strong>enim</strong></span> <span class='ocrx_word' id='word_1_78' title='bbox 215 1457 308 1501; x_wconf 88' lang='lat' dir='ltr'><strong>omne</strong></span> <span class='ocrx_word' id='word_1_79' title='bbox 324 1439 410 1518; x_wconf 90' lang='lat' dir='ltr'><strong>qnod</strong></span> <span class='ocrx_word' id='word_1_80' title='bbox 420 1436 583 1518; x_wconf 81' lang='lat' dir='ltr'><strong>sequimur</strong></span> <span class='ocrx_word' id='word_1_81' title='bbox 601 1458 642 1498; x_wconf 85' lang='lat' dir='ltr'><strong>ex</strong></span> <span class='ocrx_word' id='word_1_82' title='bbox 655 1437 877 1521; x_wconf 77' lang='lat' dir='ltr'><strong>imaginatione</strong></span> <span class='ocrx_word' id='word_1_83' title='bbox 897 1437 1037 1500; x_wconf 86' lang='lat' dir='ltr'><strong>visorum</strong></span> <span class='ocrx_word' id='word_1_84' title='bbox 1064 1448 1122 1512; x_wconf 83' lang='lat' dir='ltr'><strong>est,</strong></span> 
     </span>
     <span class='ocr_line' id='line_1_12' title="bbox 122 1535 1125 1624; baseline -0.004 -20"><span class='ocrx_word' id='word_1_85' title='bbox 122 1563 193 1606; x_wconf 87' lang='lat' dir='ltr'><strong>nam</strong></span> <span class='ocrx_word' id='word_1_86' title='bbox 213 1541 274 1604; x_wconf 88' lang='lat' dir='ltr'><strong>ista</strong></span> <span class='ocrx_word' id='word_1_87' title='bbox 297 1538 486 1622; x_wconf 81' lang='lat' dir='ltr'><strong>imaginatio¹</strong></span> <span class='ocrx_word' id='word_1_88' title='bbox 502 1542 585 1604; x_wconf 85' lang='lat' dir='ltr'><strong>nuda</strong></span> <span class='ocrx_word' id='word_1_89' title='bbox 603 1535 672 1615; x_wconf 74' lang='lat' dir='ltr'><strong>est,</strong></span> <span class='ocrx_word' id='word_1_90' title='bbox 697 1552 729 1602; x_wconf 90' lang='lat' dir='ltr'><strong>et</strong></span> <span class='ocrx_word' id='word_1_91' title='bbox 750 1543 868 1624; x_wconf 87' lang='lat' dir='ltr'><strong>absque</strong></span> <span class='ocrx_word' id='word_1_92' title='bbox 886 1539 1008 1603; x_wconf 88' lang='lat' dir='ltr'><strong>ratione</strong></span> <span class='ocrx_word' id='word_1_93' title='bbox 1031 1541 1069 1602; x_wconf 88' lang='lat' dir='ltr'><strong>ab</strong></span> <span class='ocrx_word' id='word_1_94' title='bbox 1088 1538 1125 1601; x_wconf 90' lang='lat' dir='ltr'><strong>iis</strong></span> 
     </span>
     <span class='ocr_line' id='line_1_13' title="bbox 123 1641 1126 1724; baseline -0.004 -16"><span class='ocrx_word' id='word_1_95' title='bbox 123 1644 283 1719; x_wconf 72' lang='lat' dir='ltr'><strong>armcitiis,</strong></span> <span class='ocrx_word' id='word_1_96' title='bbox 319 1663 400 1724; x_wconf 89' lang='lat' dir='ltr'><strong>qnae</strong></span> <span class='ocrx_word' id='word_1_97' title='bbox 426 1641 620 1704; x_wconf 84' lang='lat' dir='ltr'><strong>extrinsecus</strong></span> <span class='ocrx_word' id='word_1_98' title='bbox 644 1665 702 1707; x_wconf 90' lang='lat' dir='ltr'><strong>nos</strong></span> <span class='ocrx_word' id='word_1_99' title='bbox 725 1643 859 1719; x_wconf 84' lang='lat' dir='ltr'><strong>feriunt,</strong></span> <span class='ocrx_word' id='word_1_100' title='bbox 884 1665 948 1706; x_wconf 89' lang='lat' dir='ltr'><strong>non</strong></span> <span class='ocrx_word' id='word_1_101' title='bbox 971 1641 1126 1706; x_wconf 81' lang='lat' dir='ltr'><strong>dissimilis</strong></span> 
     </span>
     <span class='ocr_line' id='line_1_14' title="bbox 121 1743 1127 1830; baseline 0 -22"><span class='ocrx_word' id='word_1_102' title='bbox 121 1749 157 1814; x_wconf 86' lang='lat' dir='ltr'><strong>iis</strong></span> <span class='ocrx_word' id='word_1_103' title='bbox 174 1767 256 1830; x_wconf 86' lang='lat' dir='ltr'><strong>quae</strong></span> <span class='ocrx_word' id='word_1_104' title='bbox 278 1744 420 1808; x_wconf 86' lang='lat' dir='ltr'><strong>sensibus</strong></span> <span class='ocrx_word' id='word_1_105' title='bbox 440 1743 682 1830; x_wconf 78' lang='lat' dir='ltr'><strong>imprimuntur:</strong></span> <span class='ocrx_word' id='word_1_106' title='bbox 721 1767 758 1808; x_wconf 88' lang='lat' dir='ltr'><strong>ac</strong></span> <span class='ocrx_word' id='word_1_107' title='bbox 782 1758 953 1828; x_wconf 87' lang='lat' dir='ltr'><strong>propterea</strong></span> <span class='ocrx_word' id='word_1_108' title='bbox 975 1745 1007 1808; x_wconf 91' lang='lat' dir='ltr'><strong>in</strong></span> <span class='ocrx_word' id='word_1_109' title='bbox 1034 1745 1127 1808; x_wconf 87' lang='lat' dir='ltr'><strong>mutis</strong></span> 
     </span>
     <span class='ocr_line' id='line_1_15' title="bbox 124 1844 1167 1928; baseline -0.004 -14"><span class='ocrx_word' id='word_1_110' title='bbox 124 1848 329 1914; x_wconf 88' lang='lat' dir='ltr'><strong>animantibus</strong></span> <span class='ocrx_word' id='word_1_111' title='bbox 362 1846 528 1910; x_wconf 86' lang='lat' dir='ltr'><strong>maximam</strong></span> <span class='ocrx_word' id='word_1_112' title='bbox 564 1847 628 1910; x_wconf 86' lang='lat' dir='ltr'><strong>vim</strong></span> <span class='ocrx_word' id='word_1_113' title='bbox 664 1849 771 1912; x_wconf 88' lang='lat' dir='ltr'><strong>habet.</strong></span> <span class='ocrx_word' id='word_1_114' title='bbox 832 1844 991 1928; x_wconf 82' lang='lat' dir='ltr'><strong>Quaedam</strong></span> <span class='ocrx_word' id='word_1_115' title='bbox 1024 1859 1127 1914; x_wconf 88' lang='lat' dir='ltr'><strong>autem</strong></span> <span class='ocrx_word' id='word_1_116' title='bbox 1166 1859 1167 1870; x_wconf 61' lang='lat'>¹</span> 
     </span>
     <span class='ocr_line' id='line_1_16' title="bbox 124 1949 1128 2034; baseline -0.005 -17"><span class='ocrx_word' id='word_1_117' title='bbox 124 1967 195 2018; x_wconf 90' lang='lat' dir='ltr'><strong>sunt</strong></span> <span class='ocrx_word' id='word_1_118' title='bbox 219 1953 279 2016; x_wconf 88' lang='lat' dir='ltr'><strong>alia</strong></span> <span class='ocrx_word' id='word_1_119' title='bbox 300 1971 381 2034; x_wconf 88' lang='lat' dir='ltr'><strong>quae</strong></span> <span class='ocrx_word' id='word_1_120' title='bbox 401 1950 494 2014; x_wconf 89' lang='lat' dir='ltr'><strong>nobis</strong></span> <span class='ocrx_word' id='word_1_121' title='bbox 523 1949 569 2014; x_wconf 89' lang='lat' dir='ltr'><strong>sie</strong></span> <span class='ocrx_word' id='word_1_122' title='bbox 590 1950 753 2028; x_wconf 82' lang='lat' dir='ltr'><strong>videntur,</strong></span> <span class='ocrx_word' id='word_1_123' title='bbox 793 1972 978 2034; x_wconf 88' lang='lat' dir='ltr'><strong>causamque</strong></span> <span class='ocrx_word' id='word_1_124' title='bbox 1004 1973 1061 2014; x_wconf 87' lang='lat' dir='ltr'><strong>cnr</strong></span> <span class='ocrx_word' id='word_1_125' title='bbox 1082 1950 1128 2014; x_wconf 91' lang='lat' dir='ltr'><strong>sic</strong></span> 
     </span>
     <span class='ocr_line' id='line_1_17' title="bbox 123 2054 1128 2121; baseline -0.004 -3"><span class='ocrx_word' id='word_1_126' title='bbox 123 2057 213 2121; x_wconf 88' lang='lat' dir='ltr'><strong>nobis</strong></span> <span class='ocrx_word' id='word_1_127' title='bbox 242 2055 388 2118; x_wconf 83' lang='lat' dir='ltr'><strong>videntur</strong></span> <span class='ocrx_word' id='word_1_128' title='bbox 413 2055 529 2116; x_wconf 88' lang='lat' dir='ltr'><strong>habent</strong></span> <span class='ocrx_word' id='word_1_129' title='bbox 554 2075 596 2116; x_wconf 81' lang='lat' dir='ltr'><strong>ex</strong></span> <span class='ocrx_word' id='word_1_130' title='bbox 621 2054 744 2118; x_wconf 88' lang='lat' dir='ltr'><strong>ratione</strong></span> <span class='ocrx_word' id='word_1_131' title='bbox 777 2066 829 2116; x_wconf 90' lang='lat' dir='ltr'><strong>aut</strong></span> <span class='ocrx_word' id='word_1_132' title='bbox 859 2055 950 2116; x_wconf 88' lang='lat' dir='ltr'><strong>etiam</strong></span> <span class='ocrx_word' id='word_1_133' title='bbox 979 2075 1019 2116; x_wconf 84' lang='lat' dir='ltr'><strong>ex</strong></span> <span class='ocrx_word' id='word_1_134' title='bbox 1048 2055 1128 2116; x_wconf 89' lang='lat' dir='ltr'><strong>mala</strong></span> 
     </span>
     <span class='ocr_line' id='line_1_18' title="bbox 126 2156 1125 2241; baseline -0.004 -19"><span class='ocrx_word' id='word_1_135' title='bbox 126 2158 335 2222; x_wconf 86' lang='lat' dir='ltr'><strong>collectione:</strong></span> <span class='ocrx_word' id='word_1_136' title='bbox 380 2177 460 2240; x_wconf 68' lang='lat' dir='ltr'><strong>qliae</strong></span> <span class='ocrx_word' id='word_1_137' title='bbox 489 2176 582 2220; x_wconf 88' lang='lat' dir='ltr'><strong>nemo</strong></span> <span class='ocrx_word' id='word_1_138' title='bbox 611 2166 697 2219; x_wconf 89' lang='lat' dir='ltr'><strong>recte</strong></span> <span class='ocrx_word' id='word_1_139' title='bbox 726 2156 964 2241; x_wconf 80' lang='lat' dir='ltr'><strong>imaginationes</strong></span> <span class='ocrx_word' id='word_1_140' title='bbox 999 2156 1125 2218; x_wconf 84' lang='lat' dir='ltr'><strong>dixerit.</strong></span> 
     </span>
     <span class='ocr_line' id='line_1_19' title="bbox 126 2259 1127 2343; baseline -0.004 -19"><span class='ocrx_word' id='word_1_141' title='bbox 126 2264 189 2343; x_wconf 84' lang='lat' dir='ltr'><strong>Qui</strong></span> <span class='ocrx_word' id='word_1_142' title='bbox 212 2262 294 2324; x_wconf 87' lang='lat' dir='ltr'><strong>enim</strong></span> <span class='ocrx_word' id='word_1_143' title='bbox 313 2263 356 2324; x_wconf 92' lang='lat' dir='ltr'><strong>ob</strong></span> <span class='ocrx_word' id='word_1_144' title='bbox 383 2259 602 2325; x_wconf 85' lang='lat' dir='ltr'><strong>collectionem</strong></span> <span class='ocrx_word' id='word_1_145' title='bbox 631 2281 724 2343; x_wconf 89' lang='lat' dir='ltr'><strong>quam</strong></span> <span class='ocrx_word' id='word_1_146' title='bbox 750 2263 833 2342; x_wconf 85' lang='lat' dir='ltr'><strong>apud</strong></span> <span class='ocrx_word' id='word_1_147' title='bbox 858 2281 891 2324; x_wconf 85' lang='lat' dir='ltr'><strong>se</strong></span> <span class='ocrx_word' id='word_1_148' title='bbox 918 2260 1127 2324; x_wconf 87' lang='lat' dir='ltr'><strong>consultando</strong></span> 
     </span>
     <span class='ocr_line' id='line_1_20' title="bbox 124 2351 1125 2446; baseline -0.006 -16"><span class='ocrx_word' id='word_1_149' title='bbox 124 2366 217 2442; x_wconf 84' lang='lat' dir='ltr'><strong>lacit,</strong></span> <span class='ocrx_word' id='word_1_150' title='bbox 257 2362 374 2446; x_wconf 88' lang='lat' dir='ltr'><strong>aliquid</strong></span> <span class='ocrx_word' id='word_1_151' title='bbox 395 2365 569 2444; x_wconf 87' lang='lat' dir='ltr'><strong>approbat,</strong></span> <span class='ocrx_word' id='word_1_152' title='bbox 606 2362 676 2445; x_wconf 86' lang='lat' dir='ltr'><strong>ipsc</strong></span> <span class='ocrx_word' id='word_1_153' title='bbox 693 2351 765 2426; x_wconf 84' lang='lat' dir='ltr'><strong>&#39;sibi</strong></span> <span class='ocrx_word' id='word_1_154' title='bbox 792 2363 858 2428; x_wconf 90' lang='lat' dir='ltr'><strong>eius</strong></span> <span class='ocrx_word' id='word_1_155' title='bbox 887 2361 1125 2446; x_wconf 84' lang='lat' dir='ltr'><strong>approbationis</strong></span> 
     </span>
     <span class='ocr_line' id='line_1_21' title="bbox 125 2477 508 2534; baseline -0.01 -2"><span class='ocrx_word' id='word_1_156' title='bbox 125 2491 218 2534; x_wconf 71' lang='lat' dir='ltr'><strong>carisa</strong></span> <span class='ocrx_word' id='word_1_157' title='bbox 239 2477 300 2530; x_wconf 83' lang='lat' dir='ltr'><strong>est.</strong></span> <span class='ocrx_word' id='word_1_158' title='bbox 495 2515 508 2520; x_wconf 69' lang='lat'><em>„</em></span> 
     </span>
    </p>

    <p class='ocr_par' dir='ltr' id='par_1_3' title="bbox 29 2673 1228 4006">
     <span class='ocr_line' id='line_1_22' title="bbox 211 2673 1130 2759; baseline -0.003 -20"><span class='ocrx_word' id='word_1_159' title='bbox 211 2677 265 2740; x_wconf 93' lang='lat' dir='ltr'><strong>Ab</strong></span> <span class='ocrx_word' id='word_1_160' title='bbox 305 2675 365 2738; x_wconf 91' lang='lat' dir='ltr'><strong>illis</strong></span> <span class='ocrx_word' id='word_1_161' title='bbox 412 2674 510 2759; x_wconf 80' lang='lat' dir='ltr'><strong>igitur</strong></span> <span class='ocrx_word' id='word_1_162' title='bbox 536 2674 604 2757; x_wconf 77' lang='lat' dir='ltr'><strong>&#39;qui</strong></span> <span class='ocrx_word' id='word_1_163' title='bbox 645 2674 747 2738; x_wconf 88' lang='lat' dir='ltr'><strong>omnia</strong></span> <span class='ocrx_word' id='word_1_164' title='bbox 798 2675 880 2738; x_wconf 86' lang='lat' dir='ltr'><strong>Fato</strong></span> <span class='ocrx_word' id='word_1_165' title='bbox 933 2675 1016 2737; x_wconf 90' lang='lat' dir='ltr'><strong>aiunt</strong></span> <span class='ocrx_word' id='word_1_166' title='bbox 1058 2673 1130 2736; x_wconf 88' lang='lat' dir='ltr'><strong>ficri</strong></span> 
     </span>
     <span class='ocr_line' id='line_1_23' title="bbox 126 2776 1129 2862; baseline -0.004 -20"><span class='ocrx_word' id='word_1_167' title='bbox 126 2799 188 2844; x_wconf 91' lang='lat' dir='ltr'><strong>non</strong></span> <span class='ocrx_word' id='word_1_168' title='bbox 215 2778 351 2860; x_wconf 86' lang='lat' dir='ltr'><strong>relinqui</strong></span> <span class='ocrx_word' id='word_1_169' title='bbox 382 2777 558 2840; x_wconf 88' lang='lat' dir='ltr'><strong>libertatem</strong></span> <span class='ocrx_word' id='word_1_170' title='bbox 591 2777 703 2862; x_wconf 83' lang='lat' dir='ltr'><strong>agendi</strong></span> <span class='ocrx_word' id='word_1_171' title='bbox 728 2781 843 2861; x_wconf 87' lang='lat' dir='ltr'><strong>(neque</strong></span> <span class='ocrx_word' id='word_1_172' title='bbox 874 2777 954 2840; x_wconf 88' lang='lat' dir='ltr'><strong>enim</strong></span> <span class='ocrx_word' id='word_1_173' title='bbox 976 2778 1008 2840; x_wconf 89' lang='lat' dir='ltr'><strong>id</strong></span> <span class='ocrx_word' id='word_1_174' title='bbox 1035 2776 1129 2840; x_wconf 87' lang='lat' dir='ltr'><strong>relin-</strong></span> 
     </span>
     <span class='ocr_line' id='line_1_24' title="bbox 128 2879 1129 2965; baseline -0.003 -20"><span class='ocrx_word' id='word_1_175' title='bbox 128 2887 227 2965; x_wconf 79' lang='lat' dir='ltr'><strong>quunt</strong></span> <span class='ocrx_word' id='word_1_176' title='bbox 247 2883 334 2965; x_wconf 91' lang='lat' dir='ltr'><strong>quod</strong></span> <span class='ocrx_word' id='word_1_177' title='bbox 364 2901 402 2942; x_wconf 89' lang='lat' dir='ltr'><strong>an</strong></span> <span class='ocrx_word' id='word_1_178' title='bbox 422 2879 600 2962; x_wconf 86' lang='lat' dir='ltr'><strong>relinquant</strong></span> <span class='ocrx_word' id='word_1_179' title='bbox 627 2880 710 2942; x_wconf 87' lang='lat' dir='ltr'><strong>inter</strong></span> <span class='ocrx_word' id='word_1_180' title='bbox 740 2901 799 2942; x_wconf 90' lang='lat' dir='ltr'><strong>nos</strong></span> <span class='ocrx_word' id='word_1_181' title='bbox 825 2879 1027 2962; x_wconf 84' lang='lat' dir='ltr'><strong>disputatur,</strong></span> <span class='ocrx_word' id='word_1_182' title='bbox 1066 2880 1129 2942; x_wconf 92' lang='lat' dir='ltr'><strong>imo</strong></span> 
     </span>
     <span class='ocr_line' id='line_1_25' title="bbox 130 2983 1131 3062; baseline -0.002 -14"><span class='ocrx_word' id='word_1_183' title='bbox 130 2983 335 3048; x_wconf 77' lang='lat' dir='ltr'><strong>strationem</strong></span> <span class='ocrx_word' id='word_1_184' title='bbox 361 2995 515 3046; x_wconf 86' lang='lat' dir='ltr'><strong>conantur</strong></span> <span class='ocrx_word' id='word_1_185' title='bbox 534 2985 665 3044; x_wconf 87' lang='lat' dir='ltr'><strong>reddere</strong></span> <span class='ocrx_word' id='word_1_186' title='bbox 688 3003 745 3044; x_wconf 89' lang='lat' dir='ltr'><strong>cur</strong></span> <span class='ocrx_word' id='word_1_187' title='bbox 764 2984 803 3044; x_wconf 90' lang='lat' dir='ltr'><strong>ab</strong></span> <span class='ocrx_word' id='word_1_188' title='bbox 828 2983 917 3046; x_wconf 86' lang='lat' dir='ltr'><strong>initio</strong></span> <span class='ocrx_word' id='word_1_189' title='bbox 936 2983 978 3048; x_wconf 86' lang='lat' dir='ltr'><strong>id¹</strong></span> <span class='ocrx_word' id='word_1_190' title='bbox 990 3005 1047 3046; x_wconf 90' lang='lat' dir='ltr'><strong>nec</strong></span> <span class='ocrx_word' id='word_1_191' title='bbox 1062 3003 1131 3062; x_wconf 81' lang='lat' dir='ltr'><strong>esse</strong></span> 
     </span>
     <span class='ocr_line' id='line_1_26' title="bbox 126 3085 1130 3172; baseline -0.005 -21"><span class='ocrx_word' id='word_1_192' title='bbox 126 3087 268 3172; x_wconf 87' lang='lat' dir='ltr'><strong>potuerit</strong></span> <span class='ocrx_word' id='word_1_193' title='bbox 289 3108 391 3170; x_wconf 85' lang='lat' dir='ltr'><strong>neque</strong></span> <span class='ocrx_word' id='word_1_194' title='bbox 413 3099 465 3148; x_wconf 90' lang='lat' dir='ltr'><strong>aut</strong></span> <span class='ocrx_word' id='word_1_195' title='bbox 481 3107 589 3148; x_wconf 88' lang='lat' dir='ltr'><strong>veram</strong></span> <span class='ocrx_word' id='word_1_196' title='bbox 604 3095 739 3166; x_wconf 81' lang='lat' dir='ltr'><strong>esscaut</strong></span> <span class='ocrx_word' id='word_1_197' title='bbox 753 3085 952 3167; x_wconf 89' lang='lat' dir='ltr'><strong>probabilem</strong></span> <span class='ocrx_word' id='word_1_198' title='bbox 974 3108 1041 3148; x_wconf 89' lang='lat' dir='ltr'><strong>eam</strong></span> <span class='ocrx_word' id='word_1_199' title='bbox 1057 3109 1130 3149; x_wconf 52' lang='lat' dir='ltr'><strong>caus</strong></span> 
     </span>
     <span class='ocr_line' id='line_1_27' title="bbox 127 3189 1131 3273; baseline -0.004 -19"><span class='ocrx_word' id='word_1_200' title='bbox 127 3214 193 3254; x_wconf 88' lang='lat' dir='ltr'><strong>sam</strong></span> <span class='ocrx_word' id='word_1_201' title='bbox 216 3211 309 3273; x_wconf 89' lang='lat' dir='ltr'><strong>quam</strong></span> <span class='ocrx_word' id='word_1_202' title='bbox 331 3191 486 3265; x_wconf 88' lang='lat' dir='ltr'><strong>reddunt,</strong></span> <span class='ocrx_word' id='word_1_203' title='bbox 523 3211 580 3252; x_wconf 88' lang='lat' dir='ltr'><strong>cur</strong></span> <span class='ocrx_word' id='word_1_204' title='bbox 599 3189 711 3253; x_wconf 88' lang='lat' dir='ltr'><strong>tollant</strong></span> <span class='ocrx_word' id='word_1_205' title='bbox 732 3189 823 3256; x_wconf 79' lang='lat' dir='ltr'><strong>istam</strong></span> <span class='ocrx_word' id='word_1_206' title='bbox 844 3189 1034 3268; x_wconf 85' lang='lat' dir='ltr'><strong>libertatem)</strong></span> <span class='ocrx_word' id='word_1_207' title='bbox 1056 3189 1131 3252; x_wconf 87' lang='lat' dir='ltr'><strong>satis</strong></span> 
     </span>
     <span class='ocr_line' id='line_1_28' title="bbox 126 3281 1132 3378; baseline -0.004 -21"><span class='ocrx_word' id='word_1_208' title='bbox 126 3305 259 3378; x_wconf 87' lang='lat' dir='ltr'><strong>apparet</strong></span> <span class='ocrx_word' id='word_1_209' title='bbox 281 3315 322 3355; x_wconf 86' lang='lat' dir='ltr'><strong>ex</strong></span> <span class='ocrx_word' id='word_1_210' title='bbox 337 3295 487 3370; x_wconf 82' lang='lat' dir='ltr'><strong>hactenus</strong></span> <span class='ocrx_word' id='word_1_211' title='bbox 511 3292 625 3356; x_wconf 86' lang='lat' dir='ltr'><strong>dictis.¹</strong></span> <span class='ocrx_word' id='word_1_212' title='bbox 657 3293 829 3356; x_wconf 87' lang='lat' dir='ltr'><strong>Praeterea</strong></span> <span class='ocrx_word' id='word_1_213' title='bbox 851 3300 930 3356; x_wconf 82' lang='lat' dir='ltr'><strong>vero</strong></span> <span class='ocrx_word' id='word_1_214' title='bbox 953 3293 990 3356; x_wconf 90' lang='lat' dir='ltr'><strong>iis</strong></span> <span class='ocrx_word' id='word_1_215' title='bbox 1013 3281 1067 3374; x_wconf 88' lang='lat' dir='ltr'><strong>qui</strong></span> <span class='ocrx_word' id='word_1_216' title='bbox 1087 3291 1132 3370; x_wconf 90' lang='lat' dir='ltr'><strong>sic</strong></span> 
     </span>
     <span class='ocr_line' id='line_1_29' title="bbox 127 3394 1129 3470; baseline -0.005 -10"><span class='ocrx_word' id='word_1_217' title='bbox 127 3409 213 3460; x_wconf 90' lang='lat' dir='ltr'><strong>recte</strong></span> <span class='ocrx_word' id='word_1_218' title='bbox 246 3396 435 3470; x_wconf 85' lang='lat' dir='ltr'><strong>intellectam</strong></span> <span class='ocrx_word' id='word_1_219' title='bbox 460 3394 636 3458; x_wconf 86' lang='lat' dir='ltr'><strong>libertatem</strong></span> <span class='ocrx_word' id='word_1_220' title='bbox 669 3397 785 3459; x_wconf 88' lang='lat' dir='ltr'><strong>tollunt</strong></span> <span class='ocrx_word' id='word_1_221' title='bbox 814 3405 843 3458; x_wconf 89' lang='lat' dir='ltr'><strong>et</strong></span> <span class='ocrx_word' id='word_1_222' title='bbox 871 3396 935 3458; x_wconf 89' lang='lat' dir='ltr'><strong>hoc</strong></span> <span class='ocrx_word' id='word_1_223' title='bbox 963 3397 1129 3469; x_wconf 85' lang='lat' dir='ltr'><strong>adhaeret,</strong></span> 
     </span>
     <span class='ocr_line' id='line_1_30' title="bbox 128 3497 1132 3583; baseline -0.001 -20"><span class='ocrx_word' id='word_1_224' title='bbox 128 3503 217 3583; x_wconf 87' lang='lat' dir='ltr'><strong>quod</strong></span> <span class='ocrx_word' id='word_1_225' title='bbox 242 3511 393 3583; x_wconf 86' lang='lat' dir='ltr'><strong>quantum</strong></span> <span class='ocrx_word' id='word_1_226' title='bbox 418 3499 448 3561; x_wconf 93' lang='lat' dir='ltr'><strong>in</strong></span> <span class='ocrx_word' id='word_1_227' title='bbox 477 3497 553 3580; x_wconf 89' lang='lat' dir='ltr'><strong>ipsis</strong></span> <span class='ocrx_word' id='word_1_228' title='bbox 582 3511 647 3574; x_wconf 85' lang='lat' dir='ltr'><strong>est,</strong></span> <span class='ocrx_word' id='word_1_229' title='bbox 682 3520 818 3564; x_wconf 61' lang='lat' dir='ltr'><strong>‚omnem</strong></span> <span class='ocrx_word' id='word_1_230' title='bbox 848 3497 1008 3561; x_wconf 89' lang='lat' dir='ltr'><strong>hominum</strong></span> <span class='ocrx_word' id='word_1_231' title='bbox 1036 3499 1132 3562; x_wconf 86' lang='lat' dir='ltr'><strong>vitam</strong></span> 
     </span>
     <span class='ocr_line' id='line_1_31' title="bbox 29 3595 1130 3688; baseline 0 -24"><span class='ocrx_word' id='word_1_232' title='bbox 29 3595 31 3630; x_wconf 70' lang='lat'>³</span> <span class='ocrx_word' id='word_1_233' title='bbox 128 3603 322 3668; x_wconf 85' lang='lat' dir='ltr'><strong>confundant</strong></span> <span class='ocrx_word' id='word_1_234' title='bbox 340 3605 555 3684; x_wconf 81' lang='lat' dir='ltr'><strong>evertantque.</strong></span> <span class='ocrx_word' id='word_1_235' title='bbox 600 3603 682 3664; x_wconf 84' lang='lat' dir='ltr'><strong>Nam</strong></span> <span class='ocrx_word' id='word_1_236' title='bbox 700 3603 726 3664; x_wconf 92' lang='lat' dir='ltr'><strong>si</strong></span> <span class='ocrx_word' id='word_1_237' title='bbox 747 3603 802 3678; x_wconf 87' lang='lat' dir='ltr'><strong>ita,</strong></span> <span class='ocrx_word' id='word_1_238' title='bbox 826 3613 861 3666; x_wconf 91' lang='lat' dir='ltr'><strong>ut</strong></span> <span class='ocrx_word' id='word_1_239' title='bbox 876 3603 1006 3688; x_wconf 76' lang='lat' dir='ltr'><strong>uolunt,</strong></span> <span class='ocrx_word' id='word_1_240' title='bbox 1028 3625 1062 3666; x_wconf 91' lang='lat' dir='ltr'><strong>sc</strong></span> <span class='ocrx_word' id='word_1_241' title='bbox 1080 3624 1130 3666; x_wconf 87' lang='lat' dir='ltr'><strong>res</strong></span> 
     </span>
     <span class='ocr_line' id='line_1_32' title="bbox 129 3704 1134 3788; baseline -0.002 -20"><span class='ocrx_word' id='word_1_242' title='bbox 129 3708 283 3780; x_wconf 85' lang='lat' dir='ltr'><strong>habeant,</strong></span> <span class='ocrx_word' id='word_1_243' title='bbox 307 3726 409 3788; x_wconf 88' lang='lat' dir='ltr'><strong>neque</strong></span> <span class='ocrx_word' id='word_1_244' title='bbox 433 3726 544 3768; x_wconf 89' lang='lat' dir='ltr'><strong>corum</strong></span> <span class='ocrx_word' id='word_1_245' title='bbox 567 3704 712 3787; x_wconf 82' lang='lat' dir='ltr'><strong>cuiquam</strong></span> <span class='ocrx_word' id='word_1_246' title='bbox 733 3706 857 3770; x_wconf 90' lang='lat' dir='ltr'><strong>suaderi</strong></span> <span class='ocrx_word' id='word_1_247' title='bbox 875 3718 982 3788; x_wconf 89' lang='lat' dir='ltr'><strong>potest</strong></span> <span class='ocrx_word' id='word_1_248' title='bbox 998 3718 1032 3768; x_wconf 93' lang='lat' dir='ltr'><strong>ut</strong></span> <span class='ocrx_word' id='word_1_249' title='bbox 1045 3707 1134 3772; x_wconf 86' lang='lat' dir='ltr'><strong>aliter</strong></span> 
     </span>
     <span class='ocr_line' id='line_1_33' title="bbox 130 3801 1228 3898; baseline -0.004 -24"><span class='ocrx_word' id='word_1_250' title='bbox 130 3822 204 3896; x_wconf 80' lang='lat' dir='ltr'><strong>agat</strong></span> <span class='ocrx_word' id='word_1_251' title='bbox 232 3831 327 3898; x_wconf 89' lang='lat' dir='ltr'><strong>quam</strong></span> <span class='ocrx_word' id='word_1_252' title='bbox 355 3807 441 3892; x_wconf 84' lang='lat' dir='ltr'><strong>agit,</strong></span> <span class='ocrx_word' id='word_1_253' title='bbox 480 3806 571 3892; x_wconf 90' lang='lat' dir='ltr'><strong>quasi</strong></span> <span class='ocrx_word' id='word_1_254' title='bbox 604 3809 783 3892; x_wconf 74' lang='lat' dir='ltr'><strong>facultatem</strong></span> <span class='ocrx_word' id='word_1_255' title='bbox 809 3812 944 3872; x_wconf 83' lang='lat' dir='ltr'><strong>haberet¹</strong></span> <span class='ocrx_word' id='word_1_256' title='bbox 965 3818 995 3872; x_wconf 85' lang='lat' dir='ltr'><strong>ct</strong></span> <span class='ocrx_word' id='word_1_257' title='bbox 1022 3808 1135 3893; x_wconf 86' lang='lat' dir='ltr'><strong>agendi</strong></span> <span class='ocrx_word' id='word_1_258' title='bbox 1226 3801 1228 3808; x_wconf 58' lang='lat'><em>&#39;</em></span> 
     </span>
     <span class='ocr_line' id='line_1_34' title="bbox 131 3912 1135 4006; baseline -0.002 -32"><span class='ocrx_word' id='word_1_259' title='bbox 131 3914 188 3978; x_wconf 87' lang='lat' dir='ltr'><strong>ista</strong></span> <span class='ocrx_word' id='word_1_260' title='bbox 225 3925 256 3976; x_wconf 91' lang='lat' dir='ltr'><strong>ct</strong></span> <span class='ocrx_word' id='word_1_261' title='bbox 293 3932 356 3976; x_wconf 85' lang='lat' dir='ltr'><strong>uon</strong></span> <span class='ocrx_word' id='word_1_262' title='bbox 378 3912 522 3995; x_wconf 20' lang='lat' dir='ltr'><strong>&#39;agenda</strong></span> <span class='ocrx_word' id='word_1_263' title='bbox 567 3934 668 3996; x_wconf 88' lang='lat' dir='ltr'><strong>neque</strong></span> <span class='ocrx_word' id='word_1_264' title='bbox 705 3913 756 3978; x_wconf 87' lang='lat' dir='ltr'><strong>alii</strong></span> <span class='ocrx_word' id='word_1_265' title='bbox 787 3914 942 4006; x_wconf 76' lang='lat' dir='ltr'><strong>puiqnam.</strong></span> <span class='ocrx_word' id='word_1_266' title='bbox 1003 3915 1135 3976; x_wconf 85' lang='lat' dir='ltr'><strong>Tantam</strong></span> 
     </span>
    </p>
   </div>
   <div class='ocr_carea' id='block_1_3' title="bbox 0 0 1432 4792">
    <p class='ocr_par' dir='ltr' id='par_1_4' title="bbox 0 0 1432 4792">
     <span class='ocr_line' id='line_1_35' title="bbox 0 0 1432 4792; baseline 0 0"><span class='ocrx_word' id='word_1_267' title='bbox 0 0 1432 4792; x_wconf 95' lang='lat' dir='ltr'><strong> </strong></span> 
     </span>
    </p>
   </div>
  </div>
 </body>
</html>
