2782 4790
265 389 305 456 88

263 553 358 646 μεῖόν
379 561 488 640 ἐστιν,
510 553 579 626 ἀλλ’
606 553 777 644 ἀγαπητὸν
798 561 855 624 ἕνα
877 579 942 624 πον
963 557 1078 643 λαβεῖν
1098 554 1149 638 00)
1170 556 1281 624 τοιοῦ·

265 685 343 742 τον,
374 652 412 739 ῶς
433 656 473 728 δι’
498 655 665 742 ἀσκήσεώς
686 683 720 725 τε
742 664 796 726 καὶ
819 659 1036 736 διδασκαλίας
1056 659 1201 726 ὃείκιωσι
1220 655 1282 740 τὴν

265 766 330 830 τῶν
349 758 542 881 ἆνθρώπων
562 758 646 852 πρὸς
666 757 711 826 τά
731 758 819 827 ἄλλα
841 763 909 842 ζῶα
924 757 1069 854 φυσικὴν
1082 760 1278 842 πλεονεξίαν,

264 861 304 932 δι’
339 859 443 932 αυτοῦ
470 867 666 956 προςτιθεὶς
698 861 737 929 τὸ
765 859 949 949 ἀναγκαῖον
976 858 1134 930 ἐνδέον
1116 865 1207 950 ημῶν
1238 865 1278 958 τῆ

264 962 384 1060 φύσει,
424 962 483 1032 διὰ
508 969 607 1034 τοῦτο
629 961 678 1060 ἐφ
702 960 781 1052 ἡμῖν
800 990 833 1032 τι
826 964 888 1002 '²⁰
904 966 977 1086 ρ)’
961 987 1050 1032 εστιν
1070 992 1091 1047 η
1114 966 1178 1032 τῶν
1200 960 1277 1053 ἀρε-
1309 1003 1310 1006 ¹

263 1071 328 1136 τῶν
349 1070 484 1151 κτῆσις,
520 1073 576 1136 καὶ
605 1065 665 1136 οὐκ
694 1091 871 1196 αχρηστοι,
906 1063 982 1135 ὀότε
1008 1063 1118 1156 μάτην
1147 1062 1222 1135 όότε
1244 1071 1277 1135 ολ

264 1171 394 1240 ἔπαινοι
405 1219 414 1253 ,
436 1161 511 1238 όότε
525 1174 559 1237 ολ
572 1166 695 1265 ψόγοι,
716 1167 792 1238 οὔτε
813 1174 849 1238 αἱ
870 1166 953 1262 πρὸς
973 1172 1105 1256 βέλτιον
1124 1169 1172 1251 ²¹)
1192 1195 1276 1262 προ-

264 1279 430 1394 τροπαὶ,
442 1268 520 1340 οὐθ’
549 1269 570 1356 ἡ
598 1270 656 1341 διὰ
683 1274 748 1340 τῶν
775 1268 952 1392 βελτιόνων
979 1274 1071 1341 ἐθῶν
1091 1270 1178 1340 κατὰ
1197 1271 1277 1353 τοὺς

265 1373 389 1469 νόμους
410 1370 532 1463 όγωγη.
580 1376 653 1442 Τῶν
672 1381 733 1463 μὲν
753 1373 818 1467 γὰρ
842 1371 940 1496 ρόσει
961 1381 1049 1443 τισὶν
1062 1371 1277 1464 ὑπαρχόντων

265 1475 361 1546 οῦδὲν
327 1474 488 1546 ἑὸῖόντε
510 1471 575 1544 ὑπό
596 1499 686 1556 τινος
706 1477 813 1556 ἔθους
832 1474 969 1545 ῶλλοῐον
988 1483 1161 1565 γενέσθαι.
1208 1476 1276 1568 Οὐχ

139 1663 149 1678 .
215 1634 220 1639 .
265 1577 352 1648 όότω
379 1574 542 1657 πολλάκις
568 1576 608 1646 τὸ
637 1576 785 1671 βάρος
773 1580 847 1668 εγον
878 1576 1196 1702 ἆνριρῤιφθήσεται,
1233 1577 1277 1660 ῶς

265 1684 455 1764 ἐθισθῆναι
478 1679 564 1748 κατὰ
584 1679 644 1764 τὴν
665 1678 769 1750 άοτοῶ
791 1678 893 1776 φύσιν
914 1681 982 1752 ῶνω
1004 1688 1194 1778 φέρεσθαι·
1232 1683 1275 1752 τὰ

171 1779 178 1792 ’
264 1789 300 1853 δὲ
323 1783 398 1868 ἤθη
419 1780 695 1876 τῶνάνθρώπων
715 1782 800 1852 τοιόιΙ
819 1792 875 1853 καὶ
896 1783 974 1852 τοιώ
996 1783 1053 1854 διὰ
1074 1788 1138 1854 τῶν
1159 1790 1277 1881 διαφε·

264 1883 391 1978 ρόντων
411 1889 504 1956 ἐθῶν
524 1889 673 1975 γίνεται,
704 1895 760 1956 καλ
781 1891 832 1956 ἐπὶ
852 1895 913 1976 μὲν
935 1889 1001 1957 τῶν
1022 1885 1121 1981 φύσει
1141 1888 1277 1982 πρώτας

265 1988 326 2069 τῶς
347 1991 426 2072 ἕξεις
446 1993 498 2071 ²²)
520 1987 718 2080 κτησόμενοι
739 1985 844 2069 όότως
865 1993 1055 2082 ἐνεργοῶμεν
1074 1988 1144 2082 κρῖ
1161 1989 1276 2074 during,

267 2090 306 2159 οὐ
329 2091 392 2185 γὰρ
416 2089 542 2172 ἰδόντες
560 2090 720 2173 πολλάκις
741 2091 801 2176 τὴν
822 2090 980 2185 ὁρατικὴν
1012 2094 1076 2174 ἕξιν
1096 2090 1275 2182 κτώμεθα,

267 2191 337 2262 ἄλλ’
361 2196 487 2284 ἔχοντες
508 2193 611 2278 ἀυτὴν
633 2193 737 2276 όότως
758 2195 898 2288 ὁρῶμεν·
934 2199 986 2264 ἐπὶ
1006 2199 1042 2264 δὲ
1064 2199 1128 2266 τῶν
1149 2194 1188 2264 οὐ
1211 2195 1276 2291 φό-

267 2321 317 2366 σει
339 2301 458 2366 ἐκτῶν
480 2300 643 2390 ἐνεργειῶν
664 2297 724 2378 τὰς
746 2300 823 2380 ἕξεις
844 2295 1015 2388 κτώμεθα.
1062 2297 1108 2366 Οὐ
1129 2298 1194 2392 γὰρ
1209 2298 1276 2368 ἀλλ·

266 2405 332 2479 λως
353 2404 473 2468 τέκτων
493 2408 546 2492 τὶς
565 2398 606 2469 ἂν
626 2405 754 2489 γένοιτο
775 2400 821 2489 μὴ
845 2397 1005 2480 πολλάκις
1026 2398 1201 2489 ἐνεργήσας
1213 2402 1276 2484 τὰς

266 2505 326 2570 τοῦ
348 2507 498 2582 τέκτονος
514 2506 693 2595 ἐνεργείας,
726 2502 815 2572 ,κατὰ
842 2502 903 2584 τὰς
930 2500 1110 2587 ὑποθήκας
1137 2509 1198 2573 τοῦ
1226 2509 1275 2574 δι·
1329 2561 1332 2565 -

268 2602 471 2685 ὃάσκοντος·
508 2599 576 2686 ώςί
606 2610 672 2675 ἐπεὶ
700 2614 757 2675 καὶ
784 2604 844 2686 τὰς
865 2604 985 2698 ἀρετὰς
1006 2603 1092 2675 όότω
1114 2605 1275 2697 κτώμεθα

267 2709 485 2798 (ἐνεργοῦντες
505 2708 569 2802 γὰρ
591 2717 647 2777 καὶ
669 2708 711 2777 τό
732 2708 923 2805 σωφρονικὰ
944 2705 1117 2798 γινόμεθα
1138 2708 1273 2805 σώφρο-

267 2813 333 2892 νες)
355 2807 415 2878 οὐκ
436 2808 478 2879 ἂν
499 2808 576 2901 ἡμῖν
597 2809 773 2906 ὑπώρχοιεν
795 2809 903 2906 φύσει.

335 3016 374 3084 Οἱ
396 3019 432 3084 δὲ
449 3014 633 3112 φάσκοντες
653 3021 687 3101 ἐξ
707 3016 851 3107 ἆνώγκης
872 3017 960 3110 ἡμᾶς
980 3021 1062 3090 ε’ῖναί
1089 3046 1125 3090 τε
1146 3029 1203 3092 καὶ
1224 3050 1275 3112 γι-

268 3125 396 3188 νεσθαι
418 3119 607 3203 τοιούτους,
639 3129 695 3190 καλ
722 3120 768 3211 μὴ
790 3120 1025 3204 καταλιπόντες
1047 3120 1125 3213 ἡμῖν
1147 3124 1207 3208 τὴν
1228 3128 1276 3210 ἐξ·

268 3224 387 3292 ουσίαν
408 3227 468 3291 τοῶ
489 3228 596 3291 ταῦτα
617 3221 775 3317 πράττειν.
794 3253 827 3294 τε
848 3232 903 3294 καὶ
924 3225 970 3316 μὴ
979 3221 991 3308 ,1
1016 3223 1056 3297 δι’
1080 3219 1124 3297 ῶν
1144 3225 1186 3296 ἂν
1206 3255 1276 3297 τοι-

268 3329 360 3394 οότοι
392 3328 590 3416 γενοίμεθα,
637 3335 692 3394 καὶ
724 3326 780 3397 διὰ
811 3331 910 3398 τοῦτο
941 3324 1023 3418 μήτε
1057 3336 1127 3410 τοῖς
1161 3337 1276 3412 κακοῖς

267 3433 452 3517 γενομένοις
474 3431 589 3512 ἐξεῖναι
604 3428 655 3520 μὴ
680 3433 788 3498 ταῦτα
815 3427 989 3524 πράττειν,
1025 3427 1048 3499 όῖ
1076 3429 1276 3526 πράττοντες

267 3533 413 3617 γίνονται
436 3536 601 3614 τοιοῦτοι,
628 3531 708 3623 μήτε
730 3539 799 3614 τοῖς
820 3533 989 3623 ἀγαθοῖς,
1023 3538 1092 3616 πῶς
1113 3534 1173 3626 οὐχ
1194 3534 1275 3628 ὁμο-

268 3631 449 3720 λογήσουσι
471 3631 627 3704 κάκιστον
648 3642 814 3725 γεγονέναι
836 3641 899 3706 τῶν
920 3636 1008 3722 ζώων
1036 3635 1189 3709 ἁπάντων
1210 3638 1275 3708 ὑπὸ

232 3734 242 3742 ’
267 3740 326 3819 τῆς
348 3734 478 3824 φάσεως
499 3736 557 3806 τὸν
579 3736 782 3834 ἄνθρωπον,
804 3739 843 3810 δι’
868 3735 906 3810 όν
927 3767 1013 3837 φασι
1034 3739 1144 3812 πάντα
1165 3733 1273 3814 τᾶλλα

256 3843 431 3940 γενέσθαι
454 3837 498 3920 ῶς
519 3847 757 3913 σοντελέσαντα
785 3849 812 3929 ⁸)
840 3843 923 3933 πρὸς
947 3846 1008 3930 τὴν
1028 3843 1149 3916 τούτου
1171 3871 1275 3931 σωτη-

269 3945 363 4033 (dom,-
394 3940 444 4012 Ἕι
464 3943 529 4038 γόρ
550 3942 571 4014 r‘
592 3955 652 4035 μὲν
673 3944 772 4041 ῶρετή
793 3973 827 4020 τε
849 3955 904 4017 καὶ
925 3947 946 4032 ἡ
968 3953 1067 4020 κακία
1087 3947 1271 4038 μόναι·κατ’
