2828 4792
1094 413 1131 472 tl

595 581 677 646 XII.

193 686 263 748 Iam
289 704 368 748 vero
391 686 513 750 sublata
527 705 586 768 per
604 685 683 750 istos
706 686 738 748 vi
757 685 976 761 consultandi,
1010 685 1132 750 tollitur

132 788 296 852 manifeste
314 799 345 852 et
367 789 495 854 volendi
508 788 649 852 libertas.
694 790 775 851 Nam
791 811 899 852 omnes
921 788 976 873 qui
989 809 1053 852 uon
1068 789 1132 852 suis

130 891 255 972 placitis
271 888 367 954 defixi
379 901 469 965 srmt,
493 889 525 952 in
540 911 580 954 eo
593 902 715 972 ponunt
725 891 816 955 istam
827 891 1020 966 libertatem,
1046 893 1133 974 quod

131 993 249 1058 domini
273 992 368 1056 simus
392 992 505 1077 agendi
526 994 577 1056 vel
595 1013 661 1056 non
682 994 812 1078 agendi,
836 993 879 1058 ita
899 1005 1015 1058 utnon
1035 1016 1133 1079 coga-

131 1110 202 1160 mur
223 1095 313 1178 sequi
335 1115 444 1158 causas
466 1107 611 1158 externas
634 1107 688 1160 aut
703 1096 769 1177 pati
787 1119 845 1160 noa
863 1119 925 1179 qua
947 1099 1060 1160 ducant
1075 1096 1134 1160 inr-

131 1199 221 1282 pelli.
276 1201 336 1262 Est
365 1209 469 1262 autem
500 1198 552 1260 hic
582 1198 711 1262 dilectus
740 1199 907 1280 proprium
934 1199 1069 1264 hominis
1101 1200 1133 1264 in

130 1304 190 1366 hac
211 1323 248 1364 re
271 1323 366 1383 opus.
426 1301 509 1363 Nam
537 1300 569 1364 in
598 1300 630 1364 id
656 1303 743 1384 quod
775 1301 957 1366 deliberatio
986 1302 1135 1383 praetulit

131 1427 204 1469 cum
226 1404 385 1487 appetitu,
423 1405 523 1468 motio
546 1403 638 1468 animi
659 1415 707 1467 est
728 1404 871 1468 dilectus.
916 1405 1023 1483 Quare
1044 1404 1075 1466 iu
1097 1403 1134 1468 iis

130 1530 211 1593 quae
234 1506 364 1571 omniuo
386 1506 565 1572 necessario
586 1507 686 1584 liunt,
706 1506 842 1571 'dilectus
863 1507 922 1572 istc
943 1507 1048 1572 locum
1061 1529 1135 1571 -nou

129 1615 252 1686 habeta
270 1612 326 1674 sed
348 1609 459 1672 neo-in
480 1609 537 1686 iis,
563 1631 643 1693 quae
665 1612 744 1674 citra
765 1610 980 1674 necessitatem
995 1610 1132 1693 quidem,

129 1718 273 1778 sednon
295 1733 433 1795 pernes
455 1712 546 1775 fiunt.
597 1715 811 1796 Nequeuero
830 1714 864 1776 in
886 1714 1030 1778 omuibus
1053 1735 1135 1797 quae

130 1839 188 1901 per
217 1839 276 1880 nos
306 1816 407 1891 fiunt,
445 1817 502 1876 sed
521 1815 554 1878 in
575 1814 611 1878 iis
634 1837 715 1898 quae
737 1816 780 1880 ita
801 1839 860 1898 per
881 1837 939 1880 nos
961 1817 1062 1894 liunt,
1100 1829 1136 1880 ut

131 1920 250 1984 domini
271 1919 368 2012 sirpus
391 1917 442 1982 vel
464 1918 576 2002 agendi
598 1918 651 1981 vel
671 1941 737 1982 non
759 1919 885 2004 agendi.
943 1921 1026 1983 Nam
1048 1920 1135 2004 quis-

130 2024 199 2108 quis
223 2026 262 2088 de
290 2042 325 2084 re
354 2021 457 2103 aliqua
487 2019 664 2098 constdtat,
708 2035 760 2085 aut
789 2024 966 2100 consultat,
1005 2045 1043 2087 an
1072 2026 1136 2088 hoc

131 2129 239 2192 iacere
263 2137 315 2187 aut
337 2123 529 2186 nonfacere
552 2135 717 2204 oporteat,
756 2125 907 2188 autheni
929 2126 1056 2189 alicuius
1079 2149 1135 2189 cu·

131 2207 222 2312 pidus
258 2227 403 2311 quaerit,
449 2226 481 2288 id
513 2229 674 2308 quomodo
713 2226 914 2310 adipiscatur.
982 2227 1077 2307 Quod
1109 2229 1136 2292 si

132 2330 297 2416 quaerenti
319 2328 435 2412 aliquid
455 2330 487 2392 in
509 2340 642 2392 utentem
665 2329 750 2392 venit
772 2333 860 2413 quod
885 2330 955 2392 fieri
974 2343 1134 2414 nequeat,

132 2436 236 2500 statim
260 2435 299 2497 ab
330 2432 395 2496 eius
426 2432 618 2516 cogitatione
645 2455 679 2496 se
707 2435 832 2497 avertit.
891 2436 1003 2516 Neque
1035 2435 1136 2498 minus

131 2555 165 2604 se
188 2537 301 2602 avertit
325 2539 364 2598 ab
386 2535 446 2598 illis
459 2581 479 2624 ,ἡ
499 2557 578 2618 quae
600 2547 672 2598 sunt
695 2536 819 2619 quidem
840 2560 899 2620 per
919 2558 954 2600 se
976 2559 1042 2602 non
1062 2539 1136 2600 talia

132 2655 167 2706 ut
189 2640 319 2706 omnino
341 2639 411 2702 fieri
433 2649 609 2724 nequeant,
651 2651 682 2700 at
710 2661 774 2704 uon
803 2641 834 2702 in
863 2640 960 2722 ipsius
983 2640 1037 2724 qui
1058 2633 1136 2704 conss

132 2747 227 2809 sultat
254 2753 430 2825 potestate,
476 2753 659 2826 perstatque
687 2744 729 2806 ita
759 2733 797 2806 de
824 2745 933 2807 lrrtrrro
964 2765 1135 2828 quaerere,

134 2853 237 2912 donec
257 2847 289 2909 in
312 2846 440 2926 aliquod
462 2845 626 2922 deveniat,
666 2846 752 2908 ciuus
782 2867 815 2908 se
836 2858 925 2927 putat
947 2848 1063 2924 habere
1086 2869 1137 2910 ar-

134 2951 283 3030 bitrium:
305 2961 372 3010 tum
394 2969 473 3012 vero
497 2970 515 3010 a
537 2949 765 3012 consultatione
788 2949 936 3032 longiore
958 2950 1134 3024 abstinens,

134 3067 168 3116 ut
200 3052 255 3136 qui
285 3050 499 3134 quaestionem
535 3053 573 3112 ad
592 3051 633 3113 id
658 3051 865 3133 perduxerit,
910 3056 996 3134 quod
1026 3053 1138 3138 agendi
1207 3109 1210 3115 ,
1297 3129 1299 3140 A
1393 3135 1394 3142 ἵ

134 3155 324 3240 principium
340 3166 409 3230 est,
429 3175 523 3238 agere
537 3153 646 3235 incipit
666 3154 699 3216 id
721 3157 806 3237 quod
828 3175 867 3216 ex
889 3153 1028 3217 usu'est.
1063 3157 1138 3238 Ipsa

135 3278 275 3344 quoque¹
303 3255 462 3338 inquisitio
490 3257 541 3318 sic
573 3257 613 3318 ab
640 3257 696 3321 illo
725 3257 895 3320 instituitur
916 3269 1063 3350 tanquam
1085 3259 1139 3341 qui

134 3374 324 3447 potestatem
345 3361 460 3426 habeat
482 3358 534 3422 vel
554 3361 617 3424 hoe
639 3362 690 3436 uel
712 3363 905 3426 contrarium
929 3363 1053 3447 agendi.
1098 3364 1137 3427 In

137 3487 262 3550 quaque
286 3463 368 3530 enirn
390 3483 442 3538 re,
468 3462 600 3544 quaein
623 3465 881 3546 deliberationem
903 3466 1010 3543 venit,
1034 3467 1137 3550 inqui·

137 3567 209 3634 sitio
233 3570 269 3630 fit
292 3589 310 3629 a
332 3566 545 3639 consultante,
569 3566 636 3628 hoc·
654 3589 692 3630 ne
707 3567 883 3636 iaciendum
897 3569 974 3651 ipsi,
1000 3592 1038 3632 an
1054 3573 1140 3654 quod

135 3670 331 3744 contrarium
359 3681 422 3745 est,
463 3667 555 3732 etiam
589 3671 627 3730 ab
658 3691 696 3732 eo
727 3671 780 3754 qui
809 3683 921 3736 errncta
939 3673 1032 3737 vdieat
1054 3675 1137 3737 Fato

134 3776 218 3840 lieri.
256 3771 393 3835 'Resellit
421 3771 501 3837 enim
529 3773 597 3854 ipsa
610 3771 706 3834 'iuter
739 3777 897 3858 agendum
920 3776 1035 3840 veritas
1057 3777 1138 3838 salso

136 3889 307 3960 conceptas
338 3875 514 3956 opiniones.
571 3876 741 3956 Quomodo
772 3885 945 3942 vero'non
967 3879 1006 3943 sit
1029 3883 1139 3942 absur-

134 3985 210 4052 dum
234 3981 339 4050 dicere
359 3979 477 4046 talliis
500 3980 562 4048 hoc
592 4000 673 4048 rea
703 3992 813 4052 natura
841 3983 982 4050 homines
1012 3983 1140 4047 univer.
1229 3999 1232 4011 ·
