2828 4792
254 439 296 505 32

253 603 299 697 μὴ
318 606 476 696 γίνεσθαι
496 605 648 691 λέγουσιν
654 652 664 686 ,
700 595 740 668 τό
753 590 802 684 ’δὴ
819 591 962 667 τοιαῦτα
984 597 1104 686 λέγειν,
1131 593 1200 674 ίιῶς
1221 586 1263 660 οῦ

254 705 436 794 παιζόντων
463 709 553 774 εὀτιν
585 707 619 774 ἐν
647 699 687 772 οῦ
714 704 851 782 ιταιδιᾶς
879 705 908 785 ⁵)
936 697 1050 789 λόγοις
1079 701 1266 794 δεομένοιςξ

259 810 308 882 Τό
327 808 391 902 γάρ
416 805 504 898 ἡμᾶς
524 805 655 896 ἀγνοεῖν
678 802 774 875 οῦδὲν
793 802 877 893 πρὸς
896 801 935 871 τό
961 807 1045 872 ίῖναι
1068 797 1091 884 ἢ
1111 799 1158 892 μὴ
1179 803 1267 868 ἐῐναι

253 912 298 983 τά
323 908 521 1005 πράγματα·
565 913 661 994 δῆλοι
691 904 757 1001 γάρ
787 911 870 977 ἐιοιν
904 911 938 976 οί
969 910 1115 994 λέγοντες
1142 898 1266 984 ὁῦτως,

254 1013 298 1096 τός
320 1018 368 1112 τῇ·
390 1011 532 1106 ἡμετέρα
564 1013 714 1105 γνωρίσει
745 1007 785 1079 τό
817 1007 958 1080 δυνατόν
984 1009 1079 1077 ἔσται
1107 1002 1175 1075 κατ’
1203 1002 1280 1073 ἀυ·’

253 1117 346 1198 τοῦς·
377 1122 448 1198 τοῖς
475 1113 539 1208 γάρ
564 1117 729 1207 γνωρίζειν
757 1110 865 1184 ἀυτῶν
888 1111 932 1181 τά
956 1109 1047 1181 ἀίτια
1073 1112 1266 1198 δυναμένοις

255 1217 367 1306 (όῦτοι
391 1214 421 1288 δ
443 1216 485 1287 ἀν
505 1223 566 1287 ίῖεν
589 1222 621 1285 οί
644 1214 797 1307 μάντεις)
826 1214 887 1286 οῦκ
911 1218 1005 1286 ἔσται
1033 1211 1157 1283 δυνατά
1178 1208 1267 1280 ἀυτά

255 1330 332 1404 τοῖς
355 1319 460 1392 εἰδόσι
494 1321 524 1404 ⁶)
556 1317 720 1412 δυνάμενα
756 1325 989 1402 κεκωλυκέναι,
1039 1317 1197 1406 ἀγνοοῦσι
1228 1317 1267 1384 δὲ

255 1423 333 1517 ἡμῖν
354 1425 397 1494 τό
421 1421 589 1494 κωλύοντα
616 1425 664 1506 ί),
707 1420 833 1491 δυνατά
859 1423 965 1490 ἔσται.
1028 1417 1201 1503 Σώζοντες
1230 1419 1269 1486 δὲ

255 1529 316 1613 τὴν
343 1531 404 1596 τοῦ
435 1529 579 1596 δυνατοῦ
613 1523 717 1621 φῦσιν
751 1521 855 1605 όότως
894 1521 938 1606 ὡς
973 1520 1163 1622 ἐιρὴκαμεν,
1210 1519 1268 1591 διά

256 1635 354 1703 τοῦτο
380 1637 467 1727 φασὶ
488 1633 571 1718 μηδὲ
595 1627 639 1697 τά
666 1624 823 1718 γινόμενα
848 1624 929 1696 καθ’
957 1631 1169 1720 ίιμαρμένην,
1212 1627 1269 1696 καί

261 1761 316 1804 τοι
357 1729 583 1827 ἀκαραβάτως
618 1727 791 1821 γινόμενα,
835 1733 869 1816 ἐξ
905 1728 1050 1820 ἀνάγκης
1087 1733 1268 1820 γίνεσθαι,

256 1831 311 1908 ότι
343 1839 432 1907 ἔστιν
471 1833 586 1916 ἀυτοΐς
621 1834 762 1904 δυνατόν
802 1839 965 1923 γενέσθαι
999 1841 1055 1903 καλ
1095 1832 1135 1903 τὸ
1178 1831 1269 1903 ἀντι-

257 1943 418 2031 κείμενον,
456 1941 600 2009 δννατοῦ
620 1934 725 2018 όῦτως
749 1943 925 2027 λεγομένου
946 1935 989 2018 ὠς
1012 1940 1204 2030 προείρηται
1230 1943 1272 2022 ο).’

252 2041 361 2113 Ἀλλά
384 2045 492 2112 ταῦτα
516 2050 577 2132 μίν
603 2039 788 2125 παιζόντων
805 2044 852 2125 ⁹),
894 2033 1001 2134 ίίοπερ
1024 2043 1131 2125 ίῖιιον,
1166 2045 1270 2125 ἐστίν,

220 2143 224 2154 ’
258 2143 327 2216 ἀλλ’
356 2144 395 2215 οῦ
417 2150 669 2239 παρισταμένων
693 2149 738 2226 ³⁰)
763 2141 916 2233 δόγματι.
950 2137 1091 2233 ’Ὁμοιον
1111 2148 1147 2213 δὲ
1163 2141 1272 2238 τούτῳ

258 2254 315 2320 καὶ
330 2247 369 2318 τό
388 2254 491 2337 λέγειν
511 2246 550 2316 τό
565 2245 692 2337 ἀξίωμα
709 2251 750 2328 ¹¹)
759 2299 768 2330 ,
790 2245 830 2316 τό
844 2247 938 2316 ἔσται
957 2244 1074 2340 ἀόριον
1089 2250 1270 2338 ναυμαχία,

258 2350 389 2436 ἀληθὲς
407 2361 468 2441 μὲν
486 2353 570 2420 ε’ῖναι
584 2347 779 2434 δῦνασθαι,
802 2347 840 2418 οῦ
861 2355 974 2439 μέντοι
995 2358 1051 2420 καί
1072 2349 1271 2440 ἀναγκαίου,
1310 2437 1314 2450 s

259 2452 441 2544 ἀναγκαῖον
454 2463 514 2544 μὲν
527 2451 592 2542 γάρ
607 2450 645 2521 τό
663 2450 715 2522 ἀεὶ
730 2450 878 2538 ἀληθὲς,
900 2456 1000 2523 τοῦτο
1017 2458 1053 2523 δὲ
1075 2451 1175 2523 οὐκέτ’
1191 2452 1272 2539 ἀλη-

258 2564 324 2639 θὲς
339 2567 409 2647 μὲν,
426 2555 555 2626 ἐπειδάν
569 2551 599 2625 δ
615 2552 639 2640 ἡ
657 2557 703 2640 ¹²)
717 2559 886 2647 ναυμαχία
902 2563 1039 2645 γένηται
1056 2555 1185 2642 ἀληθές
1216 2555 1273 2628 Ἔν

259 2660 352 2751 δὲμὴ
366 2663 465 2729 τοῦτο
479 2657 670 2749 ἀναγκαῖον,
693 2657 769 2729 οῦδὲ
781 2658 819 2729 τό
835 2657 886 2730 ὑπ’
902 2658 1007 2730 ἄντοῦ
1021 2658 1272 2751 σημαινόμενον,

258 2763 298 2832 τό
317 2767 351 2848 ἐξ
365 2759 509 2851 ἀνάγκης
529 2764 673 2832 ἔσεσθαι
694 2767 737 2847 ι5)
755 2765 951 2854 ναυμαχίαν.
987 2759 1040 2832 ’Ec
1057 2767 1092 2832 δὲ
1107 2763 1201 2833 ἔσται
1212 2771 1273 2853 μὲν

260 2863 320 2936 οῦκ
345 2868 380 2950 ἐξ
402 2863 546 2958 ἀνάγκης
570 2862 718 2950 ἀληθὲς,
752 2864 906 2950 ἀληθοῦς
927 2863 1022 2947 ὄντος
1042 2869 1104 2935 τοῦ
1128 2867 1273 2935 ἔσεσθαι

259 2971 460 3060 ναυμαχίαν,
488 2966 547 3037 οῦκ
566 2970 599 3054 ἐξ
617 2965 763 3058 ἀνάγκης
784 2974 820 3038 δὲ
831 3023 841 3053 ,
870 2973 1080 3060 ἐνδεχομένως
1102 2966 1272 3054 δηλονότι,

145 3101 148 3108 ·
260 3075 347 3142 εἰδὲ
368 3076 594 3162 ἐνδεχομένως,
625 3071 685 3142 οῦκ
703 3070 890 3165 ἀναιρεῖται
914 3071 954 3141 τό
973 3070 1194 3164 ἐνδεχόμενον,
1230 3066 1276 3153 δίς

260 3201 336 3246 τινα
356 3180 519 3265 γενέσθαι
551 3172 617 3244 όιιὸ
643 3178 703 3244 τοῦ
728 3173 838 3244 ιιιίντοι
864 3179 1017 3264 λέγοντος
1044 3179 1203 3265 γίνεσθαι
1228 3175 1274 3259 ¹⁴)

261 3276 343 3349 καθ’
364 3282 569 3372 ἑιμαρμένην.
611 3275 724 3348 Πάλιν
745 3281 789 3360 ¹⁵)
810 3276 876 3372 γάρ
889 3285 954 3348 καί
970 3283 1070 3348 τοῦτο
1091 3275 1175 3368 όμοῦ
1194 3305 1275 3348 κιαι·

261 3378 382 3466 ζόντων
404 3386 490 3464 ἐστὶ,
534 3376 619 3471 ὁμοῦ
641 3384 678 3449 δὲ
707 3377 927 3470 ἀγνοούντων,
965 3389 1038 3474 ιτερλ
1062 3371 1106 3450 ὧν
1131 3387 1274 3470 λέγουσι.

256 3482 350 3555 'obre
364 3481 428 3578 γάρ
443 3486 510 3554 πᾶν
523 3483 563 3552 τό
581 3485 614 3566 ἐξ
631 3479 774 3585 ἀνάγκης
794 3481 967 3576 γενόμενον
981 3482 1181 3573 ἀναγκαῖον,
1210 3487 1275 3573 ίίγε

260 3586 300 3657 τὸ
325 3585 586 3677 μὲνάναγκαῖον
603 3584 737 3671 ἀΐδιον,
769 3586 809 3657 τὸ
827 3593 862 3658 δὲ
885 3589 918 3672 ἐξ
938 3585 1082 3676 ἀνάγκης
1103 3584 1277 3677 γινόμενον

261 3686 311 3760 ἀπ’
332 3687 436 3759 ἀυτοῦ
452 3689 692 3778 τοῦιγίνεοθαι
714 3693 848 3761 τοιοῦτο
867 3694 951 3760 ε’ίνοιι
971 3687 1166 3774 κεκώλυται,
1200 3687 1277 3760 όῦτε

211 3785 214 3792 ’
260 3791 301 3862 τό
322 3790 449 3880 ἀξίωμα
467 3789 507 3860 τό
526 3796 626 3862 τοῦτο
647 3798 742 3882 λέγον
764 3793 966 3881 ἀναγκαῖον,
1003 3795 1065 3881 ἐίγε
1086 3789 1132 3882 με)
1154 3790 1193 3861 τό
1219 3788 1272 3861 ὑπ’

261 3893 365 3964 ἀυτοῦ
386 3891 625 3983 σημαινόμενον
642 3901 785 3968 τοιοῦτο.
823 3893 882 3965 ’οο
899 3895 965 3989 γὰρ
985 3899 1053 3964 ιιᾶν
1074 3892 1218 3984 ἀξίωμα,
1240 3898 1275 3962 ἐν

263 3989 289 4092 ᾧ
305 3995 346 4070 τό
360 3993 543 4086 ἀναγκαῖον
560 4003 758 4090 περιέχεται,
781 3995 966 4088 ἀναγκαῖον
982 3995 1063 4084 ἤδη,
1085 3996 1124 4068 οῦ
1141 3995 1206 4088 γάρ
1231 3993 1277 4080 ¹⁰)
