2758 4790
262 361 325 426 218

260 529 319 612 τῆς
341 527 405 598 τῶν
428 529 638 622 Χριστιανῶν
665 525 836 626 άιρέσειις,
860 517 908 612 1ής
928 525 1020 618 ήμεῖς
1047 532 1079 598 ολ
1107 532 1257 612 δοξασταλ

261 636 378 701 πολλοὶ
402 629 512 716 ὄντες,
549 637 605 700 καὶ
634 633 667 700 έν
692 627 871 726 διαφόροις
895 629 1073 722 ἆνέστημεν
1097 633 1259 720 κλίμασιν,

261 735 295 803 έν
313 741 411 804 παντλ
434 736 528 804 ἔθνει
549 741 605 803 καὶ
628 737 778 824 κλίματι,
809 731 841 803 όί
866 761 952 815 τινες
971 740 1089 804 πολλοὶ
1111 733 1200 815 ὄντες
1217 739 1259 805 ένλ
1300 728 1303 738 ’

261 833 401 927 ὀνόματι
423 835 632 928 κεκλήμεθα,
654 845 711 906 καὶ
728 834 803 907 ὀότε
825 843 857 906 οἱ
876 841 910 908 έν
930 841 1081 932 Παρθίᾳ
1103 843 1260 932 Χριστια-

259 948 312 1010 νοὶ
332 945 579 1031 πολογαμοῦσι,
600 938 747 1034 Πάρθοι
760 937 976 1034 ὑπάρχοντες,
999 938 1064 1010 οὐτ’
1087 947 1119 1010 οἱ
1136 946 1169 1011 έν
1189 945 1260 1025 Mn·

261 1047 318 1138 δίρι
340 1052 415 1113 κυσί
434 1041 690 1138 παραβάλλουσι
717 1043 795 1125 τοῦς
815 1042 963 1136 νεκρούς·
996 1043 1054 1136 οὐχ
1075 1051 1106 1113 οί
1129 1047 1161 1114 έν
1178 1049 1261 1135 Περ-

262 1149 330 1218 σίδι
360 1152 504 1237 γαμοῦσι
530 1145 591 1229 τάς
621 1154 817 1241 θυγατέρας
843 1146 968 1232 άυτῦν,
1002 1154 1134 1243 Πέρσαι
1160 1146 1262 1227 όντες·

262 1248 301 1319 οῦ
326 1249 419 1344 παρά
446 1248 624 1344 Βάκτροις
642 1259 697 1321 καί
721 1249 866 1333 Γάλλοις
893 1255 1077 1347 φθείρουσι
1105 1250 1184 1333 τοὺς
1205 1247 1262 1339 γά-

262 1371 364 1442 μους·
398 1351 458 1445 οῦχ
479 1361 511 1423 οἱ
534 1359 567 1424 έν
583 1352 750 1450 Ἀιγόπτιμ
773 1353 1001 1450 θρησκεύουσι
1022 1355 1081 1425 τὸν
1099 1353 1217 1436 Ἆπιν,
1243 1351 1262 1437 ἢ

262 1455 321 1526 τὸν
342 1453 439 1526 Κάνα
452 1511 469 1546 ,Ι
490 1455 511 1542 ἢ
529 1457 587 1527 τὸν
612 1456 744 1551 Τράγον
764 1457 977 1552 ήἈίλουρον
999 1459 1059 1543 56)·
1092 1456 1162 1528 ἀλλ’
1183 1451 1262 1536 ὅπου

263 1557 399 1642 έισίν,
383 1557 457 1628 οιίτε
478 1556 543 1628 ὑπὸ
565 1563 629 1629 τῶν
647 1563 755 1632 κακῶν
772 1568 924 1650 κειμένων
944 1560 1070 1653 νόμων,
1099 1569 1156 1631 καὶ
1177 1563 1263 1630 έθῦν

260 1666 436 1766 νικῶνται·
476 1659 535 1752 οὐχ
565 1660 586 1746 ή
618 1661 703 1747 ³⁷)
685 1666 749 1734 υπὸ
777 1670 840 1736 τῶν
867 1665 975 1786 άρχῦν
1005 1669 1261 1760 πρυτανευομένη

260 1769 404 1888 γένεσις
421 1763 543 1846 άυτοῦς
577 1763 753 1856 άναγκάζει
788 1773 857 1848 τοῖς
894 1765 1263 1862 άπειρημένοιςθκακοῖς

246 1867 327 1938 -ῦπό
351 1871 412 1938 τοῦ
435 1867 691 1940 Διδαοκάλου
672 1873 780 1941 αυτῦν
803 1874 977 1966 χρησθαι
1011 1869 1098 1964 νόσῳ
1129 1875 1181 1955 δέ,
1212 1877 1262 1938 καί

260 1973 376 2066 πενίᾳ,
411 1979 466 2041 καί
496 1969 643 2059 πάθεσι,
662 1981 732 2054 Υκαὶ
762 1985 834 2056 ταῖς
865 1977 1093 2065 νομιζομέναις
1122 1925 1263 2064 ἆτίμίαις

262 2071 461 2144 ὑπόκεινται.
494 2069 619 2171 Ὥςπερ
640 2077 704 2168 γάρ
727 2075 746 2146 ὁ
772 2076 949 2171 έλεάθερος
970 2074 1060 2165 ήμῶν
1085 2075 1263 2171 άνθρωπος

263 2176 427 2250 δουλεύειν
447 2177 507 2248 οῦκ
519 2177 754 2268 ἀναγκάζεται,
776 2179 838 2275 κᾷν
859 2178 1079 2277 ἀναγκασθῇ,
1103 2179 1262 2250 άνθίστα-

262 2309 321 2351 ται
349 2293 418 2364 τοῖς
453 2281 713 2372 ἀναγκάζουσιν·
738 2281 862 2364 ’όιίτως
897 2281 973 2353 οὐδὲ
1009 2280 1028 2352 ὁ
1070 2281 1264 2406 φαινόμενος

263 2384 354 2475 ήμῶν
375 2389 494 2466 δοῦλος
514 2384 759 2480 ἄνθρωπος
718 2414 777 2472 της
748 2385 961 2475 γῦποταγής
986 2385 1155 2481 ἐκφεύγειν
1176 2387 1263 2479 ῥαδί·

263 2519 308 2570 ως
340 2487 489 2560 δύναται
547 2487 599 2559 Ει
629 2491 694 2585 γάρ
723 2488 833 2560 πάντα
863 2488 1128 2578 ἐδυνάμεθα,
1110 2497 1202 2581 ήμεῖς
1228 2484 1264 2556 ίίν

246 2581 398 2683 ’ἦμεν
364 2619 403 2661 το
424 2596 510 2675 πάν,
533 2587 631 2676 ίίςτε,
653 2597 681 2662 έι
701 2597 803 2683 μηδὲν
820 2592 1028 2684 ἐδυνάμεθα,
1052 2592 1194 2662 άλλων’
1179 2615 1262 2719 ημεν,

263 2694 307 2776 ὡς
330 2702 503 2790 προεῖπον,
540 2694 668 2787 όργανα
689 2705 745 2766 καί
766 2694 827 2788 οὐχ
847 2700 978 2767 ἑαυτῶν.
1027 2699 1113 2766 Θεοῦ
1141 2693 1216 2767 δ
1202 2722 1264 2763 επι-

261 2796 438 2878 νεόοαντος
474 2795 584 2869 πάντα
614 2799 740 2869 δυνατά
766 2809 822 2870 καὶ
853 2798 1094 2890 άνεμπόδιστα·
1139 2803 1178 2897 τῇ
1204 2797 1263 2889 γὰρ

264 2905 385 2970 ἐκείνου
406 2899 563 2990 βουλήσει
588 2901 683 2972 οῦδὲν
712 2901 908 2988 άντιοτήναι
932 2901 1086 2973 δάναται·
1123 2911 1180 2973 καὶ
1204 2900 1264 2992 γάρ

264 3004 306 3073 τά
334 3009 495 3076 δοκοῦντα
519 3005 778 3090 ἀνθίστασθαι,
808 3005 912 3077 σἰυτοῦ
922 3010 1071 3097 χρηστοῦ
1096 3007 1194 3087 όντος
1213 3010 1264 3073 καλ

265 3116 511 3203 συγχωροῦντος
532 3109 651 3208 ἑκάστῃ
673 3107 772 3206 φύσει
794 3109 956 3201 ἔχειντὴν
979 3107 1141 3196 ἰδιότητα,
1163 3116 1217 3184 καί
1231 3101 1266 3175 τό

265 3213 476 3300 άυτεξοιίσιον
498 3217 557 3284 τοῦ
579 3212 791 3303 θελήματος,
819 3210 1038 3285 ἀνθίσταται.

333 3322 491 3391 Τοσαῦτα
513 3327 569 3388 καὶ
589 3315 609 3386 ὁ
631 3314 756 3410 Σῦρος.
