2758 4790
1047 398 1107 462 215

9 579 10 584 ’
107 567 275 644 carnssuts,
310 577 384 643 aut,
423 565 463 628 ab
492 563 611 628 iniustis
643 561 759 644 nuptiis
786 563 942 628 abstinere
975 567 1104 645 Persas,

105 693 207 759 neque
229 673 327 736 Indos
353 668 405 732 uri
425 667 597 751 prohibet,
635 678 688 729 aut
710 687 727 728 a
749 667 879 759 canibus
902 669 952 732 edi
974 669 1104 757 Medos,
1157 663 1159 668 ’

105 789 159 841 aut
179 773 284 838 mult'm
306 771 511 836 matrimoniis
533 761 622 854 iungi
644 769 812 847 Parthos,
841 782 894 833 aut
915 783 1016 836 castas
1038 794 1108 836 esse

105 876 361 960 Mesopotamiae
392 872 545 950 seminas,
583 883 636 935 aut
664 873 807 936 Graecos
843 875 986 937 exerceri
1018 877 1108 940 nudis

106 980 320 1064 corporibus,
367 989 419 1041 aut
448 979 612 1060 Romanos
644 963 817 1056 imperare,
862 990 915 1040 aut
943 979 1110 1042 Gallorum

105 1087 237 1150 iuvenes
257 1085 394 1157 nubere,
433 1101 535 1163 neque
556 1081 709 1142 barbaras
733 1089 841 1162 gentes
864 1080 961 1165 adigit
982 1081 1110 1163 partici-

105 1211 182 1274 pare
206 1189 422 1260 Graecorum,
445 1195 481 1246 ut
502 1182 680 1266 loquimur,
705 1183 830 1244 Musas.
875 1183 956 1259 Sed,
980 1195 1015 1246 nt
1031 1184 1108 1261 dixi,

107 1313 186 1380 gens
209 1297 351 1374 quaeque
373 1299 403 1352 et
425 1286 587 1349 hominum
609 1285 743 1368 quisque
764 1285 863 1348 utitur
884 1308 941 1348 sua
965 1286 1111 1350 libertate

108 1407 143 1460 ut
164 1394 234 1459 vult
256 1405 288 1456 et
310 1393 435 1475 quando
458 1391 548 1465 vult,
585 1388 746 1471 servitque
775 1388 891 1472 origini
920 1401 951 1451 et
979 1401 1111 1452 naturae

107 1519 281 1586 perquam
304 1505 468 1558 carne·est
491 1492 719 1572 circumdatus,
753 1492 867 1574 partim
897 1491 1008 1555 volens
1036 1513 1112 1574 par-

109 1604 164 1668 tim
197 1621 257 1664 nee
285 1599 410 1665 volens.
470 1595 597 1679 Ubique
626 1595 707 1663 enim
739 1595 885 1659 locorum
913 1607 945 1657 et
972 1595 1112 1660 inomni
1222 1657 1227 1666 ,

109 1717 205 1794 gente
227 1713 299 1766 suut
321 1701 454 1775 divites,
476 1694 847 1780 suntpauperes,s1urt
869 1699 923 1782 qui
944 1699 1111 1781 imperant,

110 1820 183 1872 sunt
205 1805 260 1890 qui
279 1816 408 1888 parent,
448 1815 520 1866 suut
553 1804 633 1864 hene
667 1803 829 1880 valentes,
865 1815 937 1865 sunt
969 1805 1112 1888 aegroti,

111 1912 246 1997 quisque
265 1929 327 1990 pro
351 1919 440 1972 ortus
463 1905 512 1986 sui
533 1917 633 1968 sorte.
678 1906 787 1985 Haec,
810 1907 1009 1982 Bardesane,
1049 1905 1116 1970 dixi

112 2037 195 2102 ego,
220 2012 312 2075 valde
335 2031 368 2074 se
390 2010 483 2073 uobis
497 2011 699 2090 persuadent.
744 2011 867 2072 Verum
891 2009 975 2072 aiunt
997 2011 1115 2073 Astro-

111 2117 216 2193 nomi,
238 2127 368 2178 ‘terram
399 2133 523 2174 omnem
553 2111 649 2174 dividi
669 2111 701 2173 in
722 2123 840 2174 tractus
863 2123 1007 2195 septem:
1044 2113 1115 2175 uui·

112 2222 226 2304 cuique
250 2230 353 2280 autem
373 2215 489 2278 tractui
510 2236 658 2297 praeesse
685 2237 778 2277 unam
808 2219 846 2278 de
876 2216 966 2302 vagis
996 2217 1113 2280 stellis:

113 2343 216 2408 neque
248 2341 329 2383 vero
358 2319 501 2382 homines
532 2318 621 2400 ipsos
650 2319 710 2382 sibi
738 2320 844 2405 legum
873 2321 1002 2384 istarum
1025 2319 1116 2382 diffe-

112 2427 247 2491 rentium
278 2423 375 2487 luisse
408 2433 571 2496 auctores,
611 2424 667 2484 sed
695 2422 727 2485 in
757 2443 884 2506 quoque
912 2435 1016 2486 tractu
1036 2445 1118 2504 pro-

112 2530 233 2614 pellere
266 2525 430 2589 arbitrium
455 2512 617 2608 regnantis
643 2524 686 2587 ibi
719 2525 852 2601 sideris,
890 2527 984 2608 idque
1014 2526 1117 2608 ipsunt

113 2655 176 2718 pro
198 2634 272 2716 lege
292 2629 404 2691 haberi
432 2649 449 2690 a
477 2627 607 2691 subditis
636 2627 712 2709 ipsis
741 2628 882 2712 populis.
927 2629 972 2693 At
996 2629 1118 2693 Barde-

73 2745 77 2751 '
114 2757 224 2802 sanes:
263 2735 339 2796 Nou
368 2732 400 2795 id
429 2734 516 2814 quod
544 2753 655 2794 verum
685 2744 731 2794 est
760 2732 791 2794 in
813 2753 847 2795 se
868 2734 964 2795 habet
985 2731 1044 2796 ista
1065 2752 1118 2794 re·

115 2838 266 2923 sponsio,
298 2834 459 2918 Philippe.
504 2835 576 2898 Etsi
597 2835 679 2898 euim
700 2847 856 2898 terrarum
879 2834 967 2898 orbis
988 2835 1020 2898 in
1042 2857 1119 2918 par·

115 2956 162 3008 tes
193 2940 350 3004 dividatur
377 2950 519 3020 septem,
563 2949 666 3001 tamen
698 2937 730 3000 in
762 2941 824 3000 uua
856 2951 947 3019 parte
977 2939 1119 3001 videmus
1216 2996 1220 3003 .

115 3045 229 3109 multas
257 3043 363 3127 legum
397 3039 599 3114 differentias.
650 3041 763 3123 Neque
791 3040 872 3104 enirn
901 3054 1021 3124 septem
1049 3055 1119 3105 tan·

115 3148 282 3212 tummodo
311 3146 398 3229 leges
427 3156 516 3220 sunt,
555 3155 590 3214 ut
611 3155 730 3224 septem
753 3143 876 3222 sidera,
915 3165 1016 3228 neque
1039 3147 1120 3208 duo·

116 3250 236 3326 decim,
273 3259 352 3331 quot
377 3259 450 3310 sunt
471 3247 560 3332 signa
586 3246 624 3310 in'
646 3245 824 3332 signifero:
862 3268 964 3332 neque
990 3247 1121 3332 triginta

116 3377 194 3429 sex,
224 3372 287 3434 pro
306 3350 405 3434 signis
431 3350 586 3430 Decanis,
617 3353 672 3413 sod
692 3351 885 3413 innumerae.
937 3350 1122 3414 Meminisse

118 3469 224 3521 autern
247 3453 367 3516 debetis
392 3451 458 3515 eius
488 3455 576 3542 quod
602 3465 672 3518 aute
699 3453 780 3530 dixi,
818 3453 850 3517 in
878 3475 940 3516 una
967 3465 1058 3535 parte
1084 3477 1122 3517 ac

117 3571 223 3624 tractu
249 3559 402 3622 Indorum
428 3556 505 3621 alios
532 3576 600 3618 esse
617 3557 738 3632 Indos,
769 3556 823 3640 qui
844 3558 1004 3620 hominum
1026 3578 1120 3620 carne

118 3672 306 3738 vescantur,
330 3659 409 3723 alios
427 3658 481 3742 qui
498 3661 537 3721 ab
556 3658 641 3721 omni
663 3681 755 3722 carne
778 3661 968 3745 abstineant,
994 3671 1025 3724 et
1047 3663 1121 3723 Ma-
1171 3699 1175 3712 ι

120 3785 257 3852 gusaeos
289 3782 353 3830 uon
385 3763 416 3826 in
446 3762 576 3824 Perside
606 3763 676 3824 sola
701 3762 781 3825 filias
813 3763 873 3826 sibi
903 3763 1011 3825 lacere
1039 3786 1121 3832 uxo-

120 3888 192 3942 res,
229 3865 337 3944 sedin
359 3886 546 3950 quacunque
568 3853 662 3948 gente
684 3865 843 3940 habitent,
868 3869 1041 3929 observare
1066 3888 1123 3930 eos
1158 3919 1160 3924 ,

118 3971 275 4035 maiorum
298 3969 386 4052 leges
408 3967 546 4038 etiuitia
568 3967 718 4046 Mystica.
766 3969 828 4032 Sed
851 3982 880 4032 et
903 3971 1013 4033 multas
1035 3993 1123 4034 eom-
