2758 4790
1066 374 1127 435 213

128 551 241 635 quibus
262 545 319 612 ubi
346 546 569 630 conceperint,
602 556 669 608 turn
685 532 846 621 ‘rederium'
876 555 907 608 et
927 545 1124 640 necessario,

126 666 162 718 ut
187 653 262 716 fert
295 661 424 718 naturae
462 647 554 726 lex,
593 647 678 712 circa
711 669 825 712 unum,
851 658 974 730 ternpus
1018 669 1126 712 ornnes

126 768 230 839 partuv
248 755 475 832 exsolvuntur:
499 765 531 818 et
551 763 642 816 natos
669 750 793 834 quidem
822 749 883 818 sihi
905 773 1006 816 mares
1024 772 1127 834 expo-

128 871 225 934 nunt,
248 857 328 922 filias
347 878 426 922 vero
448 849 593 920 educant.
638 854 717 918 Sunt
738 867 840 919 autem
854 855 1035 920 Amazones
1044 856 1128 922 ,istae
1197 939 1198 942 Ἴ
1240 851 1249 866 ’

127 961 323 1037 bellatrices,
361 979 536 1044 magnaque
558 979 635 1022 eura
657 979 797 1040 corpora
818 971 979 1024 exercent.
1020 961 1132 1024 Mer·

130 1065 236 1127 curius
258 1063 379 1127 Veneri
400 1061 593 1126 ‚coniunctus
620 1061 653 1126 in
674 1050 830 1126 Mercurii
862 1061 1025 1126 domiciliis
1053 1063 1131 1127 iacit

129 1166 260 1232 fictores
284 1177 316 1230 et
336 1166 476 1248 pictores
499 1177 530 1230 et
550 1155 761 1240 mensarios,
785 1164 817 1228 in
839 1166 1003 1230 domiciliis
1025 1180 1131 1232 autem

130 1268 270 1335 Veneris
290 1267 536 1354 unguentarios,
565 1269 767 1350 phonascus,
797 1267 984 1332 histriones·
1032 1272 1132 1353 Apud

133 1371 317 1436 Tanitastet
339 1372 515 1436 Saracenos
538 1383 570 1436 et
590 1371 622 1436 in
643 1370 808 1452 superiore
829 1371 953 1452 Libya,
988 1384 1020 1436 et
1048 1377 1132 1456 apud

132 1476 270 1540 Mauros
291 1464 514 1558 'Numidasque
542 1474 634 1550 illos,
665 1473 719 1557 qui
746 1474 862 1538 fretum
886 1475 1005 1538 Oceani
1038 1497 1134 1541 acco-

130 1579 211 1655 lunt,
236 1590 269 1642 et
281 1577 314 1640 in
328 1590 415 1642 maus
437 1610 478 1622 --
500 1579 655 1642 Rhenaua
670 1576 855 1654 Germania,
880 1590 911 1640 et
924 1577 956 1641 in
968 1579 1134 1660 superiore

131 1681 305 1757 Sarmatia,
339 1681 423 1744 etin
447 1681 596 1761 Scythia,
631 1692 662 1744 et
685 1683 769 1763 apud
789 1701 898 1744 omnes
921 1693 1030 1767 gentes
1052 1705 1134 1766 quae

131 1784 256 1848 suntin
279 1783 580 1867 Septentrionalibus
603 1767 721 1860 Ponti,
753 1795 786 1845 et
805 1784 945 1848 inomni
966 1786 1081 1850 Alania
1102 1798 1136 1850 et

118 1888 293 1964 Albania,
317 1900 348 1952 et
368 1889 526 1972 Odogena
547 1899 579 1950 et
594 1885 708 1950 Sauni'a
731 1898 762 1949 et
776 1887 886 1951 Aurea
907 1900 993 1954 terra
1014 1892 1138 1956 utillum

134 2002 182 2057 est
205 1991 316 2054 videre
337 1991 542 2068 mensorium,
567 2001 620 2053 aut
640 1990 785 2052 fictorem
808 2003 861 2052 aut
881 1991 1058 2073 pictorem,
1079 1999 1152 2080 sed·

134 2116 195 2158 nee
217 2094 441 2170 architectum,
464 2115 525 2156 nec
547 2113 742 2168 mensorem,
767 2115 826 2156 nee
846 2095 1052 2176 phonaseum‚
1076 2121 1137 2162 nee

135 2198 341 2271 histrionem
378 2198 434 2260 sed
463 2195 518 2258 illa
553 2195 680 2260 vivendi
707 2195 807 2272 ratio,
847 2220 926 2281 quae
954 2201 1137 2264 efficientiae
1210 2199 1212 2204 ’

135 2301 287 2364 tribuitur
302 2299 460 2364 Mercurii
482 2312 513 2362 et
528 2299 683 2376 Veneris,
708 2299 813 2362 deficit
833 2299 864 2362 in
886 2313 975 2366 tanto
996 2303 1052 2368 illo
1071 2308 1139 2367 ter-

137 2425 246 2468 rarum
274 2402 404 2468 ambitu.
449 2401 548 2464 Medi
568 2423 677 2464 omnes
700 2403 828 2466 canibus
858 2426 928 2468 cum
962 2427 1039 2476 cura
1060 2411 1137 2472 edu.

138 2508 214 2572 eatis
243 2506 386 2570 homines
418 2505 625 2569 moribundos
657 2506 760 2570 adhue
788 2504 943 2588 spirantes
973 2509 1137 2575 obiiciunt.
1242 2579 1243 2582 ,

135 2613 184 2676 ·Et
211 2633 277 2674 non
306 2629 413 2673 omnes
441 2620 587 2690 tempore
616 2607 718 2671 diurni
741 2620 830 2672 ortus
851 2609 900 2672 sui
921 2611 1062 2674 Martem
1082 2615 1139 2676 ha-

135 2717 239 2780 buere
265 2735 335 2778 cnm
363 2714 492 2775 Venere
521 2713 631 2776 subter
657 2723 775 2774 terram
807 2711 839 2776 in
869 2705 988 2779 Caneri
1021 2713 1139 2780 sidere.
1236 2779 1237 2784 ,

137 2821 220 2882 {nde
242 2828 386 2880 mortuos
410 2826 567 2890 cremant,
605 2826 729 2876 etcum
754 2814 799 2878 eis
817 2816 962 2881 mulieres
983 2819 1015 2882 id
1039 2818 1143 2901 ipsum

137 2931 338 3004 appetentes:
395 2920 518 3000 Neque⁴
532 2911 636 2979 tanien
662 2937 770 2980 omnes
789 2917 861 2980 illae
882 2919 1027 2983 muiieres
1048 2923 1146 2986 Indae

137 3041 223 3110 'quae
262 3022 355 3085 rivae
386 3007 614 3084 comburuntur
645 3020 761 3082 habent
795 3017 940 3110 tempore
972 3035 1062 3088 ortus
1093 3026 1142 3089 sui
1220 3101 1221 3104 Ἴ

143 3128 252 3190 Solem
277 3147 348 3187 eum
372 3125 481 3186 Marte
508 3123 541 3186 in
562 3125 674 3185 Leone
704 3122 787 3185 intra
815 3123 899 3186 Solis
923 3123 1014 3188 fines.
1035 3157 1038 3164 =
1058 3129 1145 3190 Ger-

142 3225 308 3294 manorum
323 3227 449 3308 plurimi
467 3225 597 3311 anginae
611 3227 694 3289 malo
716 3223 890 3304 intereunt,
914 3247 1017 3310 neque
1038 3240 1142 3292 tamen

132 3343 229 3396 :tanta
252 3331 484 3394 Germanorum
502 3329 667 3392 multitudo
688 3331 812 3392 Lunam
834 3331 998 3394 ethoram
1021 3332 1146 3416 genitu·

139 3455 199 3499 rae
219 3435 337 3495 baben-t
360 3431 558 3516 interceptas.
575 3451 593 3492 a
616 3432 752 3494 Saturno
777 3444 808 3494 et
826 3433 948 3495 Marte.
993 3434 1031 3496 ln
1051 3435 1143 3522 ¹nulla

140 3559 210 3602 nou
230 3547 341 3620 gente,
370 3533 403 3596 in
420 3533 589 3596 untilanon
612 3532 678 3610 die,
712 3533 744 3596 in
765 3533 852 3596 nullo
874 3555 938 3598 non
960 3537 1034 3625 loco
1057 3538 1147 3620 geni-

144 3639 236 3704 tabili
267 3638 440 3722 gignuntur
466 3634 627 3708 homines3
661 3647 692 3698 et
727 3635 757 3698 in
787 3656 910 3721 quaque
943 3639 1037 3720 parte
1062 3640 1146 3724 regit

144 3741 290 3808 homines
312 3741 364 3802 lex
393 3751 430 3814 et,
446 3739 641 3801 consuetudo
666 3752 801 3820 propter
831 3763 898 3802 eam
925 3761 1011 3824 ‚quae
1028 3753 1088 3804 est
1115 3743 1148 3804 in
1183 3729 1186 3734 ’

145 3843 349 3917 bominibus,
384 3842 585 3904 libertatem.t
628 3841 739 3922 Neque
770 3843 914 3925 genitura
937 3845 1029 3911 Seras
1059 3846 1148 3929 cogit

148 3947 291 4024 noleum
313 3943 512 4009 homicidium
536 3941 759 4020 committere,
773 3956 825 4008 aut
837 3946 1048 4030 brachmanas
1066 3947 1150 4012 venei
