2804 4786
297 459 360 526 290
472 471 473 476 ’

320 629 353 709 3)
383 623 517 697 ἀντῶν
536 613 654 708 τινα]
679 625 731 691 Sic
753 625 860 690 Havn.
884 635 916 687 et
938 593 1045 687 (lasel-
1069 620 1203 704 optime.
1217 618 1296 686 Cae·

308 759 309 764 ¹
381 731 443 796 teri
459 726 565 800 ἆυτὸν
587 753 671 798 τινα.
817 792 820 800 ,
896 787 901 796 ,
961 735 965 746 “

320 835 354 915 4)
385 829 442 902 ’Ee
465 837 507 915 dl
528 834 696 914 τοῦτον]
734 829 867 896 Aldinae
885 823 937 896 Ἔν
957 824 998 909 δὴ
1020 822 1155 894 τούτων.

319 939 353 1018 b)
381 931 753 1019 ἡ.ὃὸξα-τοσαύτον
774 929 922 1019 λάβοι]
955 933 1006 996 Ita
1026 933 1137 996 Lond.
1160 925 1181 1012 ἢ
1203 923 1299 1011 δόξαν

382 1035 545 1122 τοσαύτην
565 1043 679 1126 λαβεῖν
700 1039 810 1106 Havn.
833 1032 855 1117 ἢ
876 1031 975 1118 δόξαν
999 1029 1164 1116 τοσαύτην
1177 1035 1300 1120 lastin-

381 1160 445 1210 των·
467 1144 563 1207 Mon.
586 1142 720 1206 Aldinae
742 1152 774 1203 et
789 1138 903 1208 Casel.

273 1302 288 1324 „
318 1245 353 1332 ὁ)
381 1250 449 1312 καί
481 1241 720 1337 προὶττομέν
752 1244 831 1325 τε]-
864 1243 903 1307 In
923 1244 1034 1306 Havn.
1064 1242 1154 1304 abest
1175 1265 1229 1307 τε.
1262 1241 1300 1304 In

292 1367 294 1376 ’
329 1375 354 1396 v
377 1370 450 1434 seq.
473 1343 513 1416 οὗ
542 1343 729 1441 πράττομεν
757 1348 793 1414 δὲ
821 1367 881 1410 ex·
896 1345 1024 1431 Caselio
1054 1344 1135 1412 edidi
1165 1365 1230 1428 pro
1263 1337 1300 1410 οὗ

379 1447 565 1543 πράττομεν
587 1477 631 1520 τε.
674 1451 747 1532 (Ο.)

317 1555 352 1637 7)
379 1555 419 1621 τί
441 1550 543 1621 ἄλλο
564 1551 587 1635 ἢ
608 1549 869 1642 συμβήσεται
891 1548 939 1620 ἂν
959 1543 1142 1632 πάντας]
1172 1544 1214 1617 ἂν
1235 1571 1300 1616 non

380 1657 475 1721 habet
496 1658 605 1722 Havn.
626 1658 746 1723 Annon
766 1658 935 1744 legendum
963 1655 995 1722 τί
1023 1649 1106 1721 ἄλλο
1135 1649 1301 1743 συμβήσε-

380 1783 454 1841 ται,
475 1755 498 1842 ἢ
518 1753 668 1838 melmae?
700 1761 774 1842 (0.)

309 1861 350 1942 ’8)
377 1864 504 1950 μηδὲν
533 1858 655 1932 ἆντοὶ
682 1869 777 1955 περὶ
805 1859 941 1930 ἀντῶν
970 1856 1114 1928 ὄίοωσι
1146 1856 1298 1941 καλὸν]

380 1960 495 2032 diotone
524 1968 578 2030 vel
604 1966 700 2054 ἔχωσι
727 1969 896 2054 legendum
929 1986 997 2028 esse
1026 1987 1097 2028 cum
1123 1977 1298 2028 contextus

378 2069 521 2155 flagitat,
545 2083 612 2134 tum
633 2083 766 2154 appanet
786 2092 828 2136 ex
848 2068 997 2135 versione
1013 2067 1119 2140 Grotii
1141 2069 1296 2146 etledito·

378 2171 422 2234 ris
444 2172 679 2251 Londinensis,
702 2175 789 2237 nihil
810 2173 853 2236 ab
876 2173 956 2253 ipsis
980 2171 1062 2234 boni
1080 2169 1298 2251 ‘reporto'turi

377 2276 460 2352 siut,
494 2297 553 2343 neo
581 2297 645 2340 non
683 2265 910 2348 Schulthessii,
968 2273 1041 2337 weil
1072 2272 1171 2335 ihnen
1211 2272 1295 2336 dieas

378 2375 467 2440 doeh
479 2375 594 2442 αἰτίαν
609 2378 725 2460 helsen
737 2377 864 2442 ‘wdrdo
892 2375 933 2440 In
951 2375 1024 2435 edd.
1047 2382 1094 2434 est
1114 2373 1217 2458 μηδὲν
1239 2367 1297 2439 ἆυ-

375 2483 428 2544 τοὶ
448 2483 521 2568 περ)
542 2473 650 2549 ἀυτῶν
672 2465 733 2544 ὦσι
754 2474 857 2545 καλὸν
878 2477 965 2560 qnod
997 2476 1036 2538 ad
1064 2475 1198 2538 verbum
1228 2475 1296 2560 qni-

378 2581 468 2659 dem,
507 2593 538 2644 at
565 2581 671 2665 inepte
697 2593 729 2644 et
749 2581 837 2645 nullo
859 2601 954 2644 sensu
974 2578 1071 2642 vertit
1093 2581 1293 2665 Bagolinus:

377 2684 515 2748 nullum
536 2687 604 2765 ipsi
619 2704 684 2764 pro
711 2686 791 2765 ipsis
812 2684 878 2746 sint
894 2683 1029 2747 bonnm.
1076 2682 1150 2762 (Ο.)
1204 2684 1296 2765 Quo·

379 2789 476 2849 modo
495 2784 660 2867 scripserit
681 2783 885 2862 Alexander,
909 2782 1035 2861 nes'eio;
1071 2787 1136 2850 hoe
1156 2785 1225 2850 scio
1247 2788 1297 2852 lo·

379 2907 451 2951 eum
472 2889 573 2952 adhue
593 2887 687 2952 foede
709 2897 895 2971 corruptum
917 2909 997 2954 esse.
1032 2887 1150 2973 (Caso.
1175 2891 1297 2966 Orell.)

316 2993 350 3074 9)
379 2988 424 3060 οὐ
447 2988 524 3079 γὰρ
546 2987 614 3072 δὴ]
638 2990 691 3056 sie
711 2993 820 3055 Havn.
842 2991 975 3086 Aldinae
998 3005 1030 3056 et
1045 2991 1153 3058 Casel.
1177 2987 1217 3058 οὗ
1232 2987 1298 3082 γὰρ

292 3155 297 3166 .
380 3098 415 3163 δὲ
437 3097 546 3166 Lond.

296 3200 351 3281 10)
378 3198 458 3280 ἕξει
480 3194 529 3263 τὰ
549 3191 775 3288 πράγματα
796 3191 818 3277 ἢ
839 3191 888 3274 ὡς
915 3196 1020 3286 ἔχει]
1056 3193 1186 3282 ἢφιοᾶ
1208 3201 1299 3262 abest

378 3302 411 3366 in
425 3301 503 3368 Ald.
527 3302 544 3363 l
568 3312 600 3363 et
612 3301 722 3364 Lond.
738 3300 818 3362 bene
841 3303 956 3365 addunt
970 3303 1078 3368 Havn.
1102 3303 1199 3378 Mon.
1217 3302 1297 3365 Ald.

380 3405 413 3468 2.
436 3417 468 3468 et
489 3402 597 3469 Casel.
636 3402 711 3485 (Ο.)
988 3475 992 3482 ,
1122 3469 1129 3482 ἦ

296 3508 349 3588 ll)
379 3501 541 3574 πάντων
562 3503 639 3598 γὰρ
662 3502 682 3587 ἡ
705 3504 847 3587 κτῆσίς
869 3531 909 3573 τε
932 3509 1017 3588 eto]
1048 3507 1109 3573 Cui
1130 3529 1194 3572 non
1216 3509 1299 3572 haee

379 3610 496 3696 legenti
522 3609 555 3672 in
587 3621 721 3672 mentem
753 3610 896 3674 venerint
933 3610 1152 3696 elegantissimi
1184 3633 1298 3674 versus

380 3707 515 3777 Hesiodi
538 3706 626 3799 Ἐργ.
655 3735 688 3775 v.
713 3712 787 3776 287.
817 3735 907 3797 seqq.
932 3715 1016 3778 citati
1034 3735 1056 3776 a
1078 3717 1299 3807 Xenophonte

286 3839 288 3846 ’
348 3815 584 3881 memorabo.
608 3815 655 3879 ΙΙ.
680 3816 711 3878 l.
736 3817 788 3879 20.
875 3821 879 3827 ’

334 3915 395 3995 Τὴν
412 3919 470 3998 μὲν
489 3913 548 3998 γὰρ
568 3915 727 3990 κακότητα
746 3915 802 3977 καὶ
818 3916 925 3979 ἰλαδὸν
945 3919 1028 3978 ἐστιν
1046 3917 1172 4002 ἕλεόθοα

326 4018 480 4094 Ῥηϊδίως·
499 4019 562 4094 λείη
580 4021 639 4100 μὲν
658 4015 744 4092 ὁδὸς,
761 4018 851 4099 μάλα
870 4019 893 4080 δ’
918 4018 1026 4101 ’ἑγγνθι
1045 4021 1131 4081 ναίει.
