2828 4792
281 401 300 462 6

278 564 403 652 ἀυτῶν,
426 568 483 638 διά
504 569 542 640 τὸ
565 561 679 656 σόζειν
698 569 892 666 βούλεσθαι
913 572 972 657 τὴν
993 572 1078 666 πρὸς
1098 573 1203 656 άυτάς
1216 575 1295 648 ἆκο·

277 674 427 752 λουθίαν
457 671 566 756 άλλως
598 673 842 764 ἀναγκάζονται
870 682 990 766 λέγειν·
1027 675 1089 760 [δι’
1123 674 1165 763 ἢν
1186 677 1298 752 άιτίαν

277 772 353 844 οὐδὲ
338 773 643 872 ἑΑναξαγόρας
626 806 644 848 ο
667 783 895 870 Κλαζομένιος
930 780 981 865 ²),
1019 782 1076 852 καί
1103 809 1157 852 τοι
1188 781 1297 854 τάλλα

277 877 377 950 ιίνν’ί
359 887 476 961 ν’τοῖς
503 885 564 965 τῆν
595 882 743 978 φυσικὴν
778 885 1007 1008 φιλοσοφίαν
1022 882 1298 983 φιλοσοφήσαοιν

277 982 337 1055 οὐκ
353 981 616 1105 άπερριμμένος,
639 983 699 1058 οὐκ
721 984 913 1071 άξιόπὶστος
935 985 1007 1072 ³²)
987 993 1238 1085 αντιμαρτορῶν
1257 993 1298 1089 τῇ

153 1083 155 1088 ’
179 1111 182 1116 ’
277 1113 369 1185 κοινη
390 1091 456 1157 τῶν
477 1087 668 1183 ἀνθρώπων
689 1091 797 1160 πίστει
811 1097 885 1242 περὶ
898 1093 1111 1185 ἑιμαρμένης,
1133 1092 1270 1182 λέγει
1231 1121 1298 1188 γαρ

277 1188 376 1274 όῦτός
395 1218 433 1279 γε
453 1195 557 1281 μηδὲν
577 1195 642 1264 τόν
654 1197 834 1283 γινομένων
856 1187 887 1279 4)
908 1196 1068 1284 γίνεσθαι
1083 1193 1199 1266 καθ’*
1183 1225 1299 1292 τιμαρ-

275 1298 396 1385 μένην,
432 1292 575 1366 άλλόι’”
542 1323 626 1368 ειναι
647 1295 741 1367 κενόν
761 1300 860 1368 τοῦτο
888 1294 1058 1427 τόόνομμ]
1069 1351 1078 1382 ,
1113 1327 1147 1370 τι
1139 1301 1204 1370 ’δέ
1222 1300 1294 1372 ποτ’

276 1401 365 1470 ἐστίν
385 1397 455 1484 ⁵)
436 1427 457 1485 η
479 1403 673 1490 έιμαρμίνη,
695 1403 808 1470 καὶέν
788 1402 923 1486 ντίσιν,
946 1399 1055 1472 οόκίτι
1077 1397 1118 1487 6).
1151 1399 1271 1474 'Ov
1230 1431 1298 1498 γαρ

276 1500 379 1593 μόνον
401 1500 461 1572 οὐκ
483 1495 686 1588 άλλὴλοις“’
662 1529 823 1588 απαυτις,
845 1499 915 1572 ἀλλ’
939 1501 1057 1574 02352‘
1001 1513 1059 1588 ίη
1082 1508 1147 1576 τῶν
1135 1503 1300 1630 άυθρρί-

277 1632 347 1676 πων
367 1604 460 1692 κοινὴ
472 1604 687 1730 πρόληψις*
675 1605 770 1692 ικανι)
798 1609 898 1676 τοῦτο
926 1609 1091 1697 μηνῦσαι
1128 1604 1204 1680 όότε
1232 1608 1299 1704 γὰρ

277 1703 479 1794 άλλι)λσις’“
455 1735 627 1834 απμντες,
667 1708 754 1780 άλλά
784 1709 860 1782 οὐδὲ
892 1708 999 1833 ρίυτὸς
1027 1707 1118 1807 άυτῷ
1146 1739 1199 1794 τις
1225 1719 1300 1834 περ)

277 1809 381 1896 άυτῆς
401 1810 454 1882 άεί
473 1811 516 1883 τά
546 1812 634 1884 άυτά
662 1810 806 1900 δοξάζει·
842 1811 928 1907 πρὸς
959 1812 1026 1935 γάρ
1054 1814 1134 1897 τοὺς
1161 1811 1300 1909 καιρούς

277 1941 312 1988 τε
320 1968 329 2000 ,
350 1924 406 1986 καί
420 1915 481 1998 τάς
495 1914 717 2012 περιεοτιόσας
730 1914 842 2042 τίγρις,
860 1924 918 1986 και
938 1915 1001 2002 την
1022 1925 1097 2012 περὶ
1111 1919 1171 2003 τῆς
1185 1921 1300 2012 ἑιμαρ-

276 2023 376 2112 μένης
397 2018 497 2104 δόξαν
517 2025 773 2116 μεταφέρουσιν.
798 2015 897 2090 Ὅσοι
917 2031 978 2109 μίν
999 2018 1064 2143 γάρ
1087 2019 1196 2092 άυτῶυ
1216 2017 1300 2092 πάν-

277 2151 321 2193 τα
342 2121 465 2194 καί)Η
448 2130 648 2218 ειμαρμίνην
667 2126 828 2214 γίνεσθαι
849 2129 999 2213 λέγουσι,
1021 2122 1081 2249 τὴν
1102 2127 1300 2254 ἑιμαρμένην

276 2223 573 2316 ὑπολαμβάνουσιν
606 2223 830 2321 άπαράβατόν
865 2255 940 2298 τινα
976 2225 1087 2298 άιτίαν
1123 2231 1207 2298 ἐιναι
1242 2231 1300 2298 καί

278 2327 543 2424 άναπόδραστου.
616 2335 695 2400 Εισι

278 2438 372 2504 δοκεῖ
388 2434 418 2519 ⁷)
440 2437 599 2522 γίνεσθαι
623 2430 707 2504 καθ
738 2437 958 2527 ίιμαρμένην,
994 2431 1064 2504 άλλ
1095 2435 1179 2503 έιναί
1206 2459 1301 2516 τινας

278 2532 554 2634 ὑπολαμβάνουσι
575 2540 640 2608 τῶν
660 2541 839 2628 γινομένων
860 2545 918 2607 καὶ
938 2535 1045 2618 ἄλλας
1066 2533 1196 2618 άιτίας·
1227 2534 1296 2606 ἀλλ’

278 2638 356 2712 οὐδὲ
376 2639 437 2724 τὴν
458 2643 655 2734 ἑιμαρμένην
686 2641 716 2725 ⁸)
746 2639 852 2725 άυτὴυ
873 2638 912 2709 τὸ
935 2636 1056 2728 πάγιόν
1076 2665 1111 2708 τε
1133 2646 1189 2710 καί
1211 2636 1298 2710 άπα-

278 2739 430 2838 ράβατου
450 2745 532 2836 ἔχειν
553 2745 730 2829 τίθενται,
766 2741 854 2814 άλλά
874 2743 1031 2832 γίνεσθαί
1059 2768 1135 2814 τινα
1157 2745 1300 2814 καὶτῶν

278 2844 361 2918 καθ’
378 2850 575 2943 ἑιμαρμένην
587 2850 749 2937 γίνεσθαι
763 2842 975 2942 πεφυκότων,
996 2842 1036 2915 οὐ
1051 2842 1122 2916 κατ’
1139 2843 1243 2932 ἀυτὴν
1257 2851 1299 2931 9),

277 2948 365 3028 ἀλλὰ
386 2950 480 3045 παρά
500 2957 643 3043 μοῖραν,
679 2947 723 3032 ὡς
744 2955 777 3020 οί
804 2949 941 3033 ποιηταί
973 2973 1082 3044 φασι,
1118 2955 1174 3020 καί
1205 2946 1301 3044 παρά

277 3052 338 3139 τὴν
358 3058 565 3150 ίιμαρμένηυ.
603 3052 696 3125 Ἐστὶ
717 3049 747 3125 δ’
772 3051 825 3135 ὁῑς
843 3077 923 3122 ποτε
944 3049 1054 3122 πάντα
1075 3054 1235 3142 γίνεσθαι
1255 3049 1301 3122 τά

276 3153 435 3250 γινόμενα
457 3162 552 3228 δοκεῖ
567 3155 650 3228 καθ’
674 3161 890 3252 ίιμαρμίνην,
928 3164 985 3227 καί
1012 3154 1144 3248 μάλιστ’
1175 3155 1217 3228 ίίν
1237 3153 1299 3230 άυ-

201 3343 204 3348 ·
278 3268 349 3342 τοῖς
369 3261 411 3330 τά
434 3265 493 3346 τῆς
514 3258 613 3352 τύχης
634 3264 679 3344 ¹⁰)
701 3259 894 3358 ἀντιπίπτῃ·
930 3263 1178 3355 κατορθοῦντες
1206 3262 1243 3330 δέ
1265 3263 1299 3332 ἐν

277 3370 349 3446 τοῖς
370 3370 615 3459 προκειμένοις,
633 3362 756 3444 άυτοίις
778 3361 905 3446 άιτίους
926 3369 1010 3435 ἒῖναι
1031 3366 1097 3431 τῶν
1117 3368 1297 3456 κατορθω-

278 3465 393 3558 μάτων
414 3465 730 3557 ὑπολαμβάνουσιν,
752 3463 796 3548 ὡς
817 3465 877 3538 οὐκ
899 3466 941 3538 ίίν
961 3461 1220 3550 ἀπαντησάντων
1233 3467 1299 3536 τῶν
1351 3559 1354 3566 Δ

279 3568 533 3657 ἀπηντηκότων,
563 3574 592 3640 ἐι
615 3568 662 3660 μι)
687 3568 783 3640 άυτοί
807 3568 886 3640 τάδε
908 3571 1038 3659 μάλλον
1055 3569 1199 3663 ἔπραξαν
1223 3565 1299 3647 άντ)

278 3677 388 3759 τῶνδε,
401 3671 445 3756 ὡς
459 3675 585 3765 ἔχοντες
599 3680 655 3744 καί
669 3677 730 3744 τοῦ
738 3672 785 3765 μὴ
796 3670 953 3763 πράττειν
967 3669 1054 3742 άυτά
1066 3670 1126 3758 την
1137 3673 1298 3756 ἐξουσίαν.

282 3777 330 3850 Δι’
347 3773 387 3862 ἣν
402 3779 589 3873 διαφωνίαν
603 3775 770 3867 ἀναγκαία
783 3786 854 3856 τοῖς
868 3779 1116 3872 φιλοσοφοῦσιν
1129 3771 1150 3860 ἡ
1163 3771 1297 3860 ζήτησις

279 3887 353 3976 περὶ
370 3886 412 3966 ¹¹)
428 3884 485 3964 τῆς
506 3884 723 3977 ίιμαρμένης,
746 3879 805 3952 οὐκ
827 3883 856 3949 ἐι
870 3880 975 3964 ἔστιν,
997 3877 1085 3950 άλλά
1094 3881 1126 3948 τί
1139 3875 1209 3948 ποτ’
1227 3881 1296 3948 ἐστὶ

279 3995 335 4057 καὶ
353 3989 386 4055 ἐν
407 3986 475 4054 τίσι
495 3987 559 4056 τῶν
579 3989 757 4075 γινομένων
773 3985 859 4056 ἐστίν
872 3980 894 4066 ι)
917 3979 1054 4066 τοιαύτη
1077 3987 1120 4067 ¹²)
1142 3977 1253 4077 φάσις.
