2828 4792
1107 429 1125 489 5

112 591 196 654 rior.
245 593 326 654 Nam
355 615 430 657 usus
453 590 547 674 hujus
569 598 668 678 partis
694 619 954 680 quoquoversum
976 621 1010 661 se
1031 613 1063 662 et
1084 602 1124 662 ad

110 697 220 760 omnia
246 697 399 760 extendit.
465 701 540 763 Non
573 701 653 764 enim
687 703 801 764 eodem
834 703 930 764 medo
960 703 1044 766 cirea
1072 725 1131 766 res·

111 803 254 884 agendas
277 821 311 863 se
326 803 442 864 habent
460 801 581 886 illi‘qiri
603 806 733 868 credunt
756 805 862 869 omnia
880 806 912 868 vi
929 808 1130 870 necessitatis¹

110 916 141 966 et
166 904 229 968 fati
251 907 329 990 iugo
359 906 534 990 constringi
563 918 594 970 et
625 907 648 969 ii
677 909 731 991 qni
760 922 888 971 censent
914 909 1065 972 exsistere
1091 919 1128 973 et¹¹

109 1011 291 1092 quaedam,
329 1031 410 1093 qnae
430 1011 508 1073 fiant
532 1012 599 1074 sine
617 1012 718 1074 causis
737 1012 920 1094 antepositis
942 1014 1129 1078 necessario·
1176 1035 1178 1042 ¹

108 1135 147 1176 ea
178 1113 409 1177 efficientibus:
443 1117 527 1178 'l'um
549 1136 629 1178 vero
653 1116 778 1178 videtur
801 1117 832 1179 in
858 1116 905 1179 his
934 1117 1050 1180 veritas
1072 1118 1120 1180 in-

108 1227 211 1280 'ventu
227 1237 380 1300 perquam
398 1217 551 1293 difficilis,
575 1217 648 1282 ideo
670 1221 759 1302 quod
780 1231 811 1282 et
832 1220 906 1282 huic
931 1233 962 1283 et
982 1221 1026 1284 itti
1049 1237 1129 1284 sen-‘
1217 1257 1222 1266 ·
1279 1229 1283 1240 ’

107 1321 228 1384 tentiae
252 1322 404 1404 quaedam
425 1323 587 1385 adversari
608 1322 774 1386 videantur
800 1323 979 1386 manifesto.
1038 1325 1127 1404 Quia·
1175 1345 1178 1352 ’

107 1447 190 1490 vero
220 1426 445 1489 nonnullorum
478 1428 662 1510 dogmatum
683 1425 806 1489 firmior
846 1428 898 1506 (et
923 1427 1120 1506 euidentior)

105 1528 144 1591 sit
171 1541 335 1591 structura
354 1529 543 1610 disputando
569 1550 640 1590 cum
670 1530 714 1592 eis
738 1529 799 1612 ‘qui
828 1543 939 1593 eontra
960 1530 1116 1606 sentiant,

106 1631 158 1712 (in
192 1653 255 1716 qua
287 1632 488 1715 inquisitione
514 1633 590 1714 quid
615 1645 663 1695 est
692 1636 778 1716 quod
800 1631 901 1714 majus
927 1645 1130 1696 momentum»

105 1739 227 1798 habere
253 1737 355 1820 possit
381 1759 474 1820 quam
497 1757 591 1800 nosse
614 1736 797 1799 Aristotelis
815 1737 1039 1816 sententiami)
1061 1758 1118 1800 eos

106 1842 276 1923 alloquar,
301 1839 442 1922 quinon
465 1843 572 1902 eadem
590 1860 662 1901 cnm
683 1839 754 1920 ipso
776 1841 903 1916 dixere,
927 1853 962 1902 ut
987 1851 1118 1903 eonten—
1175 1865 1177 1872 ·

109 1947 215 2008 dendo
232 1921 315 2006 inter
334 1965 367 2005 sc
383 1965 464 2025 quac
475 1943 623 2026 utrinque
638 1955 709 2004 sunt
728 1941 821 2022 dicta,
836 1945 935 2028 magis
957 1944 1127 2008 illucescat.

106 2049 240 2112 veritas.
306 2047 515 2126 Propositum
549 2058 651 2107 autem
681 2045 834 2109 sermonis
863 2045 967 2110 nostri
994 2064 1058 2110 nen
1080 2047 1119 2108 ad

108 2151 356 2216 ostentationem
375 2149 561 2233 dirigetur,
573 2151 629 2209 sed
644 2150 683 2209 ad
704 2170 797 2229 quam
819 2149 953 2225 maxime
979 2151 1117 2211 sedulam

105 2253 343 2338 inquisitionem
365 2263 397 2314 et
414 2236 658 2332 explicationem
673 2249 760 2327 veri,
786 2251 837 2314 cui
851 2263 882 2314 et
897 2275 956 2316 vos
975 2252 1117 2314 videmus

106 2371 178 2422 ante
206 2355 312 2422 omnia
334 2356 461 2418 studere
481 2355 512 2416 in
534 2354 571 2417 iis
593 2356 688 2416 rebus
711 2377 791 2437 quae
815 2355 908 2418 vobis
936 2355 1127 2418 tractandae

105 2464 252 2526 venirmt.
296 2459 393 2521 Nulla
419 2457 500 2520 enim
528 2469 705 2519 vestrarum
736 2459 894 2521 actionum
909 2458 1113 2539 conspicitur,

104 2568 133 2629 in
153 2587 220 2650 qua
239 2562 333 2627 vobis
355 2561 387 2624 id
400 2560 507 2642 potius
530 2562 617 2643 quod
637 2559 763 2624 videtur
786 2583 879 2644 quam
901 2564 988 2643 quod
1005 2583 1124 2624 verum·

105 2673 143 2733 sit
162 2665 368 2751 propositum
389 2664 543 2726 habeatis.
599 2665 696 2743 Quod
718 2663 823 2745 siper
850 2665 948 2728 otium
970 2663 1115 2728 incidetis

107 2775 136 2837 in
162 2776 252 2835 hunc
279 2769 394 2831 librum
420 2789 457 2830 ac
478 2766 654 2830 iudicabitis
679 2770 831 2850 quaedam
857 2767 1037 2850 oportuisse
1059 2789 1116 2830 ex·

105 2876 253 2960 plicatius
280 2872 362 2948 dici,
387 2871 493 2954 magni
516 2870 629 2933 faciam
651 2871 735 2932 hune
751 2875 927 2946 honorem,
951 2871 978 2933 si
1000 2875 1039 2932 ad
1065 2893 1115 2932 me

106 2979 350 3064 perscribantur
364 2995 445 3057 quae
460 2974 523 3036 sint
536 2972 609 3048 illa,
634 2977 673 3036 de
691 2974 805 3056 quibus
825 2987 928 3036 manet
946 2972 1112 3037 dubitatio.

107 3087 181 3148 Non
210 3079 294 3144 enim
314 3077 408 3142 facile
432 3077 532 3140 estin
554 3097 618 3139 uno
640 3076 724 3139 libro
743 3075 876 3139 dilucide
899 3097 1060 3158 exponere
1082 3087 1121 3139 et

107 3211 174 3250 rem
197 3188 236 3247 de
260 3204 322 3266 qua
343 3181 471 3264 agitur,
519 3191 551 3244 et
573 3201 610 3248 ea
633 3180 746 3268 quibus
767 3181 916 3246 utendum
939 3183 978 3242 ad
1007 3203 1113 3248 rerum

104 3292 245 3374 ipsarum
267 3283 520 3370 explicationem.

585 3389 633 3452 ll.

168 3499 253 3562 Esse
266 3495 365 3581 igitur
385 3495 506 3570 fatum,
542 3505 572 3554 et
602 3495 641 3555 ab
668 3513 708 3556 eo·
730 3513 855 3555 causam
881 3515 937 3553 cnr
960 3495 1111 3574 quaedam

104 3603 178 3664 fiant
200 3599 357 3675 fataliter,
382 3599 455 3661 satis
473 3597 597 3658 firmum
620 3604 840 3679 argumentum
861 3597 992 3677 praebet
1006 3597 1122 3658 homi-⁴

103 3727 177 3768 num
204 3701 372 3784 anticipata
397 3701 548 3784 quaedam
571 3697 673 3762 notio.
718 3701 831 3782 Neque
853 3698 934 3761 enim
955 3717 1033 3761 vana
1058 3712 1111 3761 aut

104 3829 122 3870 a
142 3829 224 3871 vero
247 3809 398 3869 aberrans
418 3816 465 3866 est
487 3802 648 3866 hominum
671 3813 802 3878 natura,
827 3803 882 3864 nbi
900 3805 938 3866 de
958 3823 992 3864 ro
1008 3801 1116 3884 aliqua

104 3909 300 3974 consentitur
330 3908 489 3970 intereos
511 3907 566 3988 qui
588 3927 651 3970 uon
677 3927 717 3968 ex
739 3906 929 3968 antehaustis
953 3904 1110 3986 opinioni-

104 4016 181 4092 bus,
213 4025 251 4076 ut
273 4011 417 4075 nimirmn
443 4022 589 4073 tueantur
615 4030 694 4092 quae
721 4009 764 4076 eis
784 4021 854 4072 stmt
877 4016 1108 4084 consentanea,
