2828 4792
214 305 367 399 κισ

255 500 294 572 ὃν
311 500 370 586 τὴν
395 499 514 598 φύσιν,
552 495 656 582 ὅὺτως
683 501 784 572 οὐδ
769 509 820 570 επὶ
853 504 916 570 τῶν
944 494 998 594 ίίφ
1028 497 1118 587 ἡμῶν
1147 493 1257 566 ἄλλοτ’

240 605 363 685 ’ἄλλως
382 611 558 696 γινομένων
576 609 619 687 ¹⁰)
647 610 697 674 έπί
718 606 911 732 περιεστῶσι
936 609 1006 682 τοῖς
1034 601 1166 683 ἄλλοις,
1203 596 1263 668 ἀλ-

255 715 314 792 λην
335 709 408 777 τινά
433 706 543 778 ἀιτίαν
569 706 789 791 ἀπαιτητέον,
820 735 888 799 παρ
918 703 1020 776 ἀυτὸν
1041 701 1099 773 τὸν
1126 701 1264 796 ἀνθρω·

255 837 328 896 που,
374 814 480 880 Τοῦτο
502 809 566 901 γὰρ
591 799 632 894 ἦν
656 810 695 878 τὸ
724 808 908 903 ἄνθρωπον
934 812 1045 892 έίναι,
1071 805 1110 874 τὸ
1142 804 1263 897 [γὰρ]

255 911 338 1006 ἀργὴ
375 917 416 995 ¹¹)
452 921 509 986 καὶ
536 912 628 982 ἀιτία
663 916 747 982 έῐναι
781 915 846 982 τάν
878 909 918 981 δι’
953 909 1056 980 ἀντοῦ
1088 912 1265 998 γινομένων

254 1013 409 1108 πράξεων,
433 1063 437 1070 ·
467 1015 514 1084 Τὸ
544 1021 579 1084 δὲ
602 1021 713 1108 ίέγειν.
732 1023 789 1084 καί
809 1013 887 1096 τοὺς
911 1017 1193 1103 βουλευσαμένους
1218 1013 1282 1104 τῷ

254 1126 441 1213 φαινομένῳ
472 1122 810 1208 συγκατατίθεσθαι,
849 1126 905 1187 καὶ
930 1115 987 1186 ’διά
1007 1119 1105 1189 τοῦτο
1126 1122 1183 1184 καὶ
1205 1111 1265 1196 τίγυ

254 1223 444 1315 φαντασίαν
462 1219 583 1312 ὁμοίως
598 1229 668 1303 τοῖς
684 1221 802 1302 ἀλλοις,
813 1217 909 1305 ζώοις
921 1225 1087 1302 ἕπεσθαι,
1110 1214 1169 1286 οὐκ
1183 1214 1264 1300 ἀλιγ-

253 1329 334 1404 θές·
374 1324 413 1394 οὐ
439 1323 503 1418 γὰρ
530 1328 595 1394 πᾶν
622 1325 662 1395 τὸ
692 1321 893 1418 φαινόμενον
921 1324 1094 1418 φαντασία
1123 1320 1179 1400 ¹²).
1217 1315 1269 1388 Ἡ

252 1436 314 1516 μὲν
334 1427 399 1522 γάρ
422 1430 592 1523 φαντασία
618 1425 707 1512 ἀπλῆ
732 1451 767 1496 τε
792 1433 861 1506 καί,
867 1434 967 1517 χωρὶς
985 1422 1089 1513 Ιλόγου
1114 1420 1179 1493 ὑπὸ
1201 1426 1266 1492 τῶν

254 1531 378 1613 ἔξωθεν
403 1527 672 1623 προςπιπτόντων
693 1532 836 1619 γίνεται,
858 1533 983 1598 ἐοικυῖα
1008 1535 1083 1608 ταῖς
1104 1525 1266 1610 ἀισθητι-

255 1639 328 1713 καῖς
357 1636 546 1725 ἐνεργείαις.
590 1629 643 1702 διὸ
678 1640 734 1702 καὶ
764 1632 822 1717 τὴν
854 1631 947 1722 ἰσχὺν
972 1636 1006 1700 ἐν
1030 1637 1101 1711 τοῖς
1129 1627 1265 1718 ἀλόγοις

254 1733 348 1818 ζώοις
368 1737 431 1826 ἔχει
460 1734 622 1826 μάλιστα·
657 1738 812 1823 φαίνεται
844 1740 881 1805 δέ
905 1741 1058 1805 τινακαὶ
1083 1732 1139 1802 ὁιά
1162 1731 1266 1822 λόγου

255 1847 362 1906 τεκαὶ
384 1843 701 1931 παρασυλλογισμοῦ
723 1841 768 1922 έὸ)
790 1837 850 1923 τὴν
871 1837 983 1908 ἀιτίοιν
1003 1840 1062 1906 τοῦ
1076 1839 1266 1931 φαίνεσθαι

255 1937 486 2031 λαμβάνοντα,
510 1937 533 2010 ἀ
554 1940 655 2011 οὐκέτ’
676 1940 718 2012 ἀν
737 1969 787 2023 τις
801 1943 991 2036 φαντασίας
1012 1945 1110 2028 λέγοι.
1149 1935 1187 2007 ‘O
1201 1937 1266 2032 γὰρ

255 2043 312 2113 ὃιά
337 2043 395 2114 τὸν
422 2042 593 2132 γινόμενον
619 2043 694 2138 παρ’
723 2042 813 2139 ἀντῷ
842 2037 885 2127 ¹4)
914 2048 947 2113 έν
967 2046 1013 2136 τῷ
1037 2039 1267 2130 βουλεύεσθαι

256 2147 498 2236 συλλογισμὸν,
541 2144 836 2238 συγκαταθέμενός
865 2173 929 2215 τινι
948 2144 1060 2224 ἀστὸς
1087 2141 1176 2239 ἀυτῷ
1210 2148 1268 2226 τῆς

256 2254 536 2338 συγκαταθέσεως
558 2249 672 2334 ἀίτιος.
723 2323 725 2328 ,

591 2486 593 2495 ,
769 2463 783 2496 k

285 2609 289 2634 ί
668 2619 671 2631 ι
716 2565 814 2632 ΙΣἽΊ·

315 2657 398 2730 Ἀλλ
422 2656 555 2753 ὅτιμὲν
579 2663 653 2734 ὀύτε
679 2662 820 2749 σώζουσι
841 2663 880 2733 τὸ
905 2663 954 2759 ἐφ’
974 2663 1052 2755 ἡμῖν
1069 2662 1268 2753 οίλέγοντες

255 2759 364 2834 πάντα
385 2764 467 2834 καθ’
491 2770 687 2862 έιμαρμένην
716 2771 916 2891 [γίνεσθαι]
950 2766 1009 2852 (οὐ
1036 2767 1101 2861 γὰρ
1126 2763 1205 2894 περὶ
1227 2759 1268 2832 ὁῦ

255 2870 456 2991 ζιγτοῦμον’
440 2897 469 2938 ει
497 2867 635 2955 σώζεται
663 2899 727 2940 κατ
768 2870 908 2954 ἀυτοίις,
946 2897 1045 2940 τουτο
1075 2867 1211 2954 σώζεται
1239 2873 1269 2952 ¹)

257 2967 334 3093 ὁίγε
354 2980 409 3041 καὶ
438 2970 549 3043 ἀιτίαν
570 2971 781 3044 ἀποδιδόναι
797 2977 973 3068 πειρῶνται
1004 3001 1062 3042 του
1091 2978 1173 3063 μηδὲ
1209 2971 1269 3056 τὴν

212 3072 276 3168 j
256 3073 360 3166 ἀρχὴν
375 3075 571 3147 δυνατὸυ’
539 3103 622 3146 ιιναι
642 3077 679 3145 τὸ
702 3081 856 3169 πρᾶγμα,
878 3075 954 3145 οὐδὲ
975 3074 1050 3160 2)
1028 3103 1068 3160 ην
1086 3072 1269 3146 ἀποδιδόα-

257 3199 310 3246 σιν
331 3175 445 3247 ἀιτίαν
470 3177 514 3247 ἐπ
542 3178 708 3273 ἀναιρέσει
732 3183 791 3264 τῆς
821 3178 976 3265 τοιαύτης
996 3183 1160 3288 ἐξουσίας,
1188 3178 1269 3263 ἀλη-

256 3279 343 3365 θὴς,
364 3280 410 3370 μὴ
434 3279 553 3372 ἔχουσά
578 3309 611 3350 τι
635 3281 831 3403 έάλργον)
816 3301 850 3350 εκ
873 3286 937 3352 τῶν
959 3281 1131 3376 ἐιρημένων
1152 3280 1269 3410 γνιίιρι·

255 3409 328 3469 αον.
373 3381 482 3454 Αλλά
503 3384 569 3472 μὴν
587 3391 656 3466 τοῖς
682 3383 856 3478 ἀναιροῦσι
881 3385 920 3454 τὸ
945 3390 1027 3456 έῐναί
1043 3413 1077 3455 τι
1094 3383 1197 3466 ὁντως
1216 3383 1267 3512 ἐφ’

247 3482 334 3576 υμῖν
359 3491 471 3556 ἕπεται
498 3486 537 3556 τὸ
566 3494 695 3578 συγχεῖν
719 3513 754 3556 τε
779 3495 834 3557 καὶ
864 3487 1082 3580 ἀνατρέπειν,
1114 3483 1195 3558 ὅσον
1220 3485 1267 3556 ἐπ

256 3588 371 3670 ἀστοῖς
399 3593 464 3658 τῶν
490 3587 680 3684 ἀνθρώπων
706 3593 791 3678 βίον.
843 3595 914 3660 Καὶ
945 3589 1009 3686 γάρ
1041 3589 1178 3682 ἐχόντων
1208 3601 1269 3682 μὲν

258 3690 344 3763 ὁιίτω
362 3696 426 3761 τῶν
447 3690 652 3785 πραγμάτων
670 3692 714 3776 ὡς
735 3697 814 3785 ἔχει,
837 3691 912 3762 οὐδὲ
933 3692 999 3787 γὰρ
1016 3692 1124 3766 ἀυτῶν
1141 3721 1216 3765 τινα
1238 3699 1268 3780 ³)

257 3803 369 3865 πεῖσαι
395 3793 536 3864 δυνατὸν
556 3793 602 3884 μὴ
623 3793 780 3888 πράττειν.
805 3794 828 3866 ἀ
848 3792 1052 3890 πράττουσιν
1083 3795 1126 3879 ὡς
1150 3800 1268 3889 ἔχοντα

258 3903 316 3968 τοῦ
336 3906 392 3968 καὶ
414 3895 575 3990 προίττεινΙ
595 3897 682 3969 ἀυτά
705 3909 759 3972 καὶ
780 3900 835 3992 μὴΙ
849 3899 1003 3994 πράττειν
1020 3901 1087 3990 ,τὴν
1108 3904 1267 3986 ἐξουσίαν,
