2782 4790
1072 417 1130 480 tta

123 593 209 642 ctum
240 599 308 642 esse
341 579 491 656 dicimus,
531 581 618 644 velut
646 593 799 645 monstra.
858 582 939 647 Cum
959 586 1042 649 ‘enim
1064 608 1128 652 non

124 681 212 744 cuius
235 681 305 744 finis
329 682 431 767 gratia
453 683 548 745 fiebat
569 684 602 746 id
623 687 709 767 quod
723 685 840 748 factum
855 699 920 764 est,
944 690 1127 754 naturaliter

121 785 193 862 flat,
230 795 347 848 temere
376 785 409 848 id
440 799 470 849 ct
503 808 577 850 casu
604 788 721 851 factum
751 811 819 852 csse
848 789 999 854 dicimus:
1038 805 1069 855 et
1095 794 1128 856 id

122 892 210 972 quod
233 900 436 952 consecutum
459 901 507 952 est
529 911 624 974 quum
646 893 732 972 quod
752 893 872 956 frustra
891 893 948 971 sit,
973 907 1020 957 est
1035 917 1128 960 causa

121 1011 180 1074 per
208 991 374 1066 accidens,
414 1015 488 1055 casu
515 993 632 1056 sactum
660 1015 728 1056 esse
757 995 904 1060 dicimus:
942 1010 974 1060 ct
1001 999 1127 1082 penitus

122 1115 216 1158 omne
249 1095 298 1171 id,
337 1098 424 1178 quod
450 1117 517 1160 rem
549 1117 629 1179 quae
657 1097 841 1162 naturaliter
868 1099 905 1161 fit
926 1114 1128 1164 consecutum

119 1210 187 1273 est,
224 1218 288 1260 non
310 1197 463 1262 exsistens
486 1200 572 1262 cuius
595 1200 698 1284 gratia
718 1200 834 1278 fiebat,
858 1213 976 1266 temere
999 1215 1030 1266 et
1052 1227 1126 1268 casu

120 1301 239 1364 sactum
263 1323 331 1364 esse
354 1302 479 1364 dicitur.
524 1304 573 1366 Ita
595 1303 693 1385 lapis,
728 1303 782 1386 qui
804 1305 947 1386 delapsus
969 1304 1010 1368 sit
1031 1319 1125 1390 atque

119 1424 158 1468 eo
182 1407 280 1468 modo
303 1405 468 1482 ceciderit,
504 1418 539 1469 ut
566 1407 672 1469 locum
701 1409 741 1469 ad
771 1410 941 1471 sedendum
971 1409 1125 1488 praebere

121 1507 246 1589 possit,
282 1529 357 1570 casu
377 1509 460 1570 hunc
481 1508 574 1571 situm
595 1509 725 1586 habuit,
761 1509 815 1592 qui
836 1523 985 1595 sequutus
1007 1524 1125 1575 estua-

118 1611 253 1672 turalem
274 1611 385 1693 lapidis
410 1612 650 1693 propulsioncm
676 1625 812 1695 propter
839 1615 1045 1698 gravitatem:
1062 1665 1066 1670 .
1082 1615 1125 1677 si·
1202 1691 1205 1696 ι

116 1713 234 1776 militer
247 1711 373 1797 equus,
412 1713 465 1797 qui
488 1716 596 1797 pabuli
624 1717 771 1780 aviditate
799 1720 838 1780 ad
859 1721 942 1780 hunc
963 1719 1068 1781 locum
1090 1739 1125 1781 se

116 1816 259 1898 recepit,
298 1829 329 1880 et
362 1830 535 1899 propterca
569 1818 734 1883 incolumis
768 1823 807 1882 ab
836 1820 981 1884 hostibus
1009 1821 1123 1884 evasit.

118 1918 281 1982 Naturalis
304 1920 385 1983 enirn
406 1920 459 1983 illc
480 1920 542 1984 cibi
566 1923 721 2003 appetitus
743 1923 851 1986 salutis
874 1945 967 1988 causa
989 1924 1120 2000 exstitit,

116 2023 278 2106 cumipse
300 2036 402 2086 tamen
424 2046 488 2088 non
512 2025 635 2087 venerit
662 2038 697 2088 ut
723 2039 918 2089 servaretur.
963 2027 1015 2089 Illi
1043 2048 1124 2090 vero

118 2127 173 2210 qui
195 2127 239 2190 ita
262 2127 411 2197 definiunt
434 2129 626 2203 Fortunam,
663 2149 731 2190 esse
752 2127 871 2192 scilicet
893 2149 1017 2191 causam
1031 2127 1125 2212 igno-

116 2243 181 2294 tam
204 2233 356 2293 humanae
375 2229 490 2293 rationi
505 2242 536 2292 et
551 2230 703 2306 abditam,
727 2243 868 2294 naturam
885 2233 1044 2295 Fortunae
1060 2253 1124 2295 non

118 2331 331 2408 constituunt,
356 2337 413 2398 sed
433 2333 465 2394 in
487 2334 571 2416 quali
591 2334 752 2414 bominum
763 2335 943 2399 habitudine
960 2337 999 2398 ad
1014 2349 1148 2398 causas'

115 2438 293 2500 Fortunam
316 2457 384 2498 essc
406 2447 568 2504 statuunt:
614 2439 696 2498 Nam
725 2439 788 2500 hoc
809 2450 904 2518 pacto
926 2439 1008 2501 idem
1031 2437 1124 2500 alicui
1188 2451 1200 2468 ⁴

115 2539 176 2601 erit
195 2537 389 2615 aF-orttma,
414 2538 506 2600 alicui
520 2561 602 2614 non,
628 2539 654 2602 si
675 2540 726 2602 hic
748 2540 813 2603 eius
836 2562 960 2602 causam
982 2541 1120 2617 noverit,

114 2641 169 2704 illc
201 2652 304 2703 autem
335 2641 476 2725 ignoret.
535 2644 708 2706 Praeterea
736 2666 832 2726 quum
869 2665 979 2706 causae
1015 2645 1122 2725 plures

115 2756 190 2808 sunt
211 2744 348 2807 ciusdem
369 2745 416 2806 rei
437 2745 680 2828 (quadripartito
704 2745 784 2808 enim
807 2747 925 2810 divisae
939 2747 1024 2826 sunt)
1046 2767 1123 2830 qua-

114 2870 186 2912 rum
209 2849 358 2930 quasdam
379 2848 460 2910 scire
482 2847 654 2932 contingit,
691 2851 840 2930 quasdam
866 2849 1034 2934 ignorare,
1069 2849 1125 2924 fiet
1227 2875 1229 2880 ·

61 2993 65 3001 .
116 2965 152 3015 ut
173 2951 256 3013 idem
277 2950 369 3012 simul
394 2950 493 3013 eidem
522 2950 563 3014 sit
584 2973 601 3012 a
623 2952 767 3013 Fortuna
787 2962 819 3012 ct
839 2973 904 3015 non
926 2972 944 3014 a
967 2953 1120 3028 Forum,

113 3056 141 3117 si
163 3053 261 3136 ipsius
285 3074 394 3116 causas
418 3056 567 3136 quasdam
589 3065 780 3136 cognoscat,
812 3055 960 3137 quasdam
981 3055 1121 3139 ignoret.

115 3159 193 3222 Non
215 3155 297 3218 enim
320 3155 480 3218 definitum
493 3169 552 3233 est,
576 3167 711 3238 propter
733 3155 820 3218 cuius
843 3178 1008 3219 causarum
1027 3157 1121 3241 igno-

108 3260 248 3324 rantiam
265 3260 409 3323 Fortuna
431 3258 484 3322 sit.
528 3260 562 3322 Si
583 3260 664 3321 enirn
686 3259 799 3333 dicant,
822 3281 889 3322 non
911 3281 1035 3321 causam
1051 3259 1120 3342 qui·

114 3365 247 3427 busdam
268 3362 447 3424 hominibus
475 3361 618 3444 ignotam
649 3382 718 3424 essc
741 3362 935 3436 Fortunam,
969 3363 1024 3424 sed
1052 3384 1120 3426 eam

116 3487 198 3550 quae
221 3465 367 3528 omnibus
390 3463 518 3527 omnino
540 3464 651 3548 ignota
673 3464 729 3539 sit,
754 3470 841 3526 certe
862 3462 1118 3548 nihil.quicquam
1205 3489 1208 3500 ⁴

116 3591 184 3634 esse
209 3571 383 3632 Fortunam
411 3567 615 3642 fatebuntur,
654 3567 681 3629 si
709 3570 882 3629 concedant
914 3587 982 3629 esse
1011 3567 1121 3632 vatici-

114 3673 210 3736 nandi
223 3683 340 3746 artem,
365 3690 426 3753 qua
448 3691 499 3732 res
522 3668 588 3732 aliis
610 3669 735 3753 ignotas
759 3689 955 3754 cognoscere
970 3681 1123 3734 statuant·

116 3778 143 3839 si
165 3775 246 3838 enim
268 3774 301 3836 id
322 3773 512 3856 distinguere
535 3793 573 3834 ac
594 3770 723 3834 definire
746 3772 889 3835 volentes
911 3773 1015 3836 dicant
1037 3776 1120 3838 For·
1150 3783 1154 3793 '

116 3893 224 3942 tunam
246 3897 314 3940 csse
337 3895 461 3939 causam
483 3875 624 3958 ignotam
652 3873 853 3936 inscientibus
885 3886 916 3937 et
949 3875 1116 3957 imperitis„

118 3985 178 4044 bac
200 3979 321 4043 ratione
341 3979 439 4063 igitur
462 3999 497 4040 ea
520 3998 598 4060 quae
622 3999 662 4038 ex
683 3975 818 4038 scientiis
841 3987 872 4038 et
894 3979 1012 4042 artibus
1028 3979 1116 4057 fiunt,
