2782 4790
1087 448 1127 510 tt

117 615 169 666 aut
193 613 291 666 casti:
326 616 357 666 et
386 627 455 670 esse
468 617 471 626 ’
484 605 602 691 aiicmid
631 607 661 672 in
684 611 789 674 rebus*
801 611 938 693 positum
953 611 994 676 'in
1016 627 1128 678 nostra

114 718 273 787 potestate
297 719 328 769 et
351 722 480 772 eventus
504 712 659 796 ambigui,
684 733 738 787 re,
771 735 834 777 non
858 715 960 778 solnm
982 717 1121 781 nomine.

561 815 678 878 XXV.

179 913 352 994 Quomodo
375 915 455 978 enim
477 937 541 980 non
565 917 606 982 sit
624 917 789 982 manifesto
803 921 867 983 hoc
881 916 1006 999 falsum,
1024 944 1117 986 omne

52 1017 54 1022 ’
114 1019 202 1100 qnod
229 1015 322 1079 alicui
355 1029 401 1102 est
431 1040 627 1102 consequens
649 1040 751 1085 exeo
775 1043 899 1086 cansam
921 1025 1120 1088 haberecur

114 1119 266 1196 exsistat,
304 1131 337 1182 et
368 1141 461 1183 omne
497 1125 584 1204 qnod
616 1113 831 1207 antegreditur
863 1147 930 1188 rem
964 1105 1055 1191 aliam
1091 1127 1120 1192 ei

114 1223 160 1286 rei
187 1245 314 1286 cansam
343 1243 411 1285 esse
440 1244 498 1286 cur
526 1207 590 1287 sit'?
633 1224 787 1288 Videmus
822 1227 938 1310 quippe
972 1250 1009 1293 ea
1039 1253 1122 1314 quae

113 1338 259 1407 tempore
291 1335 363 1388 srmt
397 1325 456 1388 alia
483 1338 559 1409 post
588 1325 665 1404 alia,
703 1348 767 1392 non
798 1329 903 1393 omnia
924 1343 1028 1394 tamen
1049 1333 1122 1396 fieri

114 1431 156 1492 ob
178 1429 212 1492 id
234 1432 321 1512 qnod
340 1428 429 1510 prius
452 1439 484 1492 et
510 1441 582 1493 ante
610 1430 679 1512 ipsa
706 1431 847 1514 positum
876 1432 949 1496 fuit.
1008 1436 1122 1518 Neque

114 1533 194 1596 enim
217 1533 355 1595 ambulat
376 1531 445 1614 quis
468 1531 542 1616 quia
563 1526 719 1610 surrexit,
755 1555 857 1618 neque
884 1557 951 1599 nox
980 1547 1028 1599 est
1043 1537 1117 1600 'effi-

114 1635 214 1698 ciente
242 1636 306 1698 hoo
335 1633 407 1710 die',
443 1655 546 1718 neque
578 1637 744 1699 Isthmium
776 1649 933 1702 certamen
965 1660 1025 1721 per
1043 1640 1118 1704 'vim

114 1737 293 1820 Olympici,
329 1749 382 1800 aut
402 1736 502 1800 hiems
522 1759 581 1820 per
604 1738 742 1803 aestatis.
786 1740 928 1806 Proinde
950 1740 1117 1806 miraretur

114 1842 181 1924 qn'is
211 1841 284 1904 illos
307 1839 334 1902 si
360 1860 522 1904 causarum
544 1841 658 1904 seriem
678 1841 773 1904 ismm
794 1845 834 1904 ad
854 1845 982 1907 modum
1007 1847 1121 1908 redde-

113 1955 199 2020 rent,
239 1943 329 2028 qnasi
357 1963 482 2025 semper
509 1942 543 2006 id
572 1947 658 2027 quod
679 1945 778 2027 ,prius
800 1957 848 2008 est
881 1968 973 2008 carisa
995 1945 1035 2009 sit
1056 1969 1118 2030 po·

113 2047 274 2123 sterioris‚
300 2069 337 2110 ae
355 2047 401 2109 sic
422 2067 585 2136 causarum
598 2069 776 2111 connexion
797 2047 940 2111 facerent
955 2047 1118 2113 continen-

113 2151 248 2235 tiamque
269 2151 351 2214 inter
372 2149 479 2232 ipsas,
516 2161 547 2211 et
569 2170 625 2211 cur
646 2149 679 2212 id
698 2149 839 2213 facerent
860 2151 1020 2214 adferrent
1036 2163 1118 2215 cau·
1164 2135 1166 2140 Ι

114 2277 178 2318 sam
202 2257 289 2338 quod
311 2254 377 2317 sine
400 2273 492 2316 causa
514 2251 590 2315 nihil
611 2251 679 2316 fiat.
720 2253 886 2324 ⁸Videmus
909 2253 990 2316 enim
1012 2256 1117 2317 multis

112 2357 142 2420 in
172 2359 268 2420 rebus
297 2368 360 2420 tam
390 2356 455 2419 eius
486 2356 574 2440 quod
602 2355 788 2433 antecessit,
828 2378 920 2440 quam
943 2357 1008 2428 eius
1032 2360 1118 2441 quod

114 2461 318 2544 consequitur
349 2481 443 2522 unam
477 2462 669 2542 eandemque
700 2479 769 2522 esse
798 2480 934 2524 cansam.
993 2460 1056 2530 Sed
1088 2473 1120 2526 et

113 2547 261 2650 surgendi
294 2575 324 2626 et
352 2563 528 2626 ambrdandi
557 2583 651 2625 causa
679 2573 726 2625 est
759 2564 879 2624 eadem.
934 2562 1017 2624 Nam
1053 2585 1119 2629 non

111 2667 213 2750 ipsum
243 2686 376 2752 surgere
408 2687 501 2730 causa
536 2678 584 2728 est
613 2664 812 2742 ambulandi,
862 2666 920 2728 sed
951 2665 1116 2750 utriusque

112 2791 204 2834 causa
225 2771 319 2834 estis
341 2769 410 2852 ipse
432 2769 486 2852 qni
508 2767 665 2853 surgit‘et
690 2769 844 2844 ambulat,
884 2768 1014 2852 eiusque
1033 2769 1115 2833 'deli-

111 2875 219 2937 berata
252 2873 412 2938 voluntas.
470 2871 523 2935 Sic
555 2871 646 2935 etiam
674 2870 776 2934 noctis
799 2881 830 2933 et
851 2871 912 2934 diei
940 2885 1112 2954 qnae‘cer·

111 2987 174 3040 tum
196 2977 280 3040 inter
302 2997 336 3040 se
359 2976 500 3039 ordinem
522 2976 637 3037 habent
659 2995 720 3036 una
742 2975 913 3056 eademque
936 2993 1029 3038 causa
1051 2987 1113 3039 est.
1184 3019 1186 3026 -

111 3080 238 3144 Pariter
273 3101 307 3143 se
344 3101 394 3142 res
427 3081 521 3146 habet
552 3077 584 3140 in
618 3075 689 3138 anni
716 3076 974 3166 tempestatibus.
1038 3079 1115 3142 Non

111 3183 193 3246 enim
221 3183 321 3246 hiems
349 3203 441 3246 causa
465 3194 512 3246 est
534 3163 681 3255 aestatis,
722 3181 777 3240 sed
806 3190 837 3241 et
857 3178 949 3241 huius
976 3192 1007 3243 et
1029 3177 1116 3243 villius

110 3298 275 3350 causaest
304 3286 403 3349 motio
432 3307 468 3348 ac
493 3284 611 3350 rotatio
638 3281 778 3346 caelestis
812 3281 959 3364 corporis
987 3294 1017 3344 et
1050 3281 1116 3344 eius
1210 3279 1213 3287 '

108 3389 207 3453 flexio
239 3410 298 3472 per
334 3388 497 3472 obliquum
528 3388 692 3453 circulum.
757 3387 840 3448 Nam
877 3384 934 3447 Sol
973 3386 1011 3444 ad
1044 3405 1114 3445 eum

108 3495 238 3556 modum
267 3513 301 3555 se
326 3511 458 3556 movens
491 3492 626 3556 omnium
649 3493 771 3555 illarum
794 3497 1014 3569 tempestatum
1037 3509 1111 3550 ean·

107 3597 152 3658 sa‘
171 3607 232 3660 est.
283 3597 359 3658 Non
387 3617 467 3681 ergo
512 3615 579 3656 nox
614 3617 707 3658 causa
744 3592 827 3668 diei,
877 3608 978 3671 neque
1012 3588 1112 3652 hiems

111 3699 260 3774 aestatis,
305 3719 408 3781 neque
437 3709 565 3761 catenae
593 3697 624 3760 in
651 3700 777 3761 modum
803 3695 862 3760 ista
887 3692 969 3757 inter
985 3713 1018 3754 se
1041 3695 1113 3754 dum

12 3785 13 3814 ³
108 3801 208 3878 flunt,
244 3803 434 3880 cohaerent3
464 3813 499 3865 nt
520 3798 606 3864 ni'id
626 3799 699 3876 fiat,
732 3799 906 3862 discessura
922 3794 971 3857 ‘sit
998 3793 1113 3858 Mundi

108 3916 138 3965 et
171 3925 283 3969 eorttm
317 3926 395 3986 qnae
434 3905 466 3968 in
500 3905 626 3968 Mundo
659 3914 731 3964 sunt
770 3901 912 3982 fiuntque
949 3895 1110 3962 adunatio.

108 4007 270 4072 Sufficiunt
305 4008 385 4071 enim
418 4006 564 4072 caelestia
600 3992 740 4090 corpora
779 4015 810 4066 et
850 4021 960 4070 eorum
993 3999 1120 4073 rotatio·
