<?xml version="1.0" encoding="UTF-8"?>
<!DOCTYPE html PUBLIC "-//W3C//DTD XHTML 1.0 Transitional//EN"
    "http://www.w3.org/TR/xhtml1/DTD/xhtml1-transitional.dtd">
<html xmlns="http://www.w3.org/1999/xhtml" xml:lang="en" lang="en">
 <head>
  <title>
</title>
<meta http-equiv="Content-Type" content="text/html;charset=utf-8" />
  <meta name='ocr-system' content='tesseract 3.04.00' />
  <meta name='ocr-capabilities' content='ocr_page ocr_carea ocr_par ocr_line ocrx_word'/>
</head>
<body>
  <div class='ocr_page' id='page_1' title='image "./alexandriaphrod01bardgoog_0069.png"; bbox 0 0 2828 4792; ppageno 0'>
   <div class='ocr_carea' id='block_1_1' title="bbox 227 740 1331 3656">
    <p class='ocr_par' dir='ltr' id='par_1_1' title="bbox 227 740 1331 3624">
     <span class='ocr_line' id='line_1_1' title="bbox 254 740 1264 838; baseline 0 -20"><span class='ocrx_word' id='word_1_1' title='bbox 254 747 384 820; x_wconf 83' lang='grc' dir='ltr'><strong><em>οτώτων</em></strong></span> <span class='ocrx_word' id='word_1_2' title='bbox 401 751 475 832; x_wconf 80' lang='lat'>¹7),</span> <span class='ocrx_word' id='word_1_3' title='bbox 497 743 551 818; x_wconf 81' lang='grc' dir='ltr'><strong><em>ὅτε</em></strong></span> <span class='ocrx_word' id='word_1_4' title='bbox 565 756 625 838; x_wconf 79' lang='grc' dir='ltr'><strong><em>μέν</em></strong></span> <span class='ocrx_word' id='word_1_5' title='bbox 638 743 743 828; x_wconf 78' lang='grc' dir='ltr'><strong><em>ὁιίτως</em></strong></span> <span class='ocrx_word' id='word_1_6' title='bbox 760 740 814 816; x_wconf 77' lang='grc' dir='ltr'><strong><em>ὅτε</em></strong></span> <span class='ocrx_word' id='word_1_7' title='bbox 830 751 866 816; x_wconf 79' lang='grc' dir='ltr'><strong><em>δὲ</em></strong></span> <span class='ocrx_word' id='word_1_8' title='bbox 882 745 989 828; x_wconf 74' lang='grc' dir='ltr'><strong><em>ἄλλως</em></strong></span> <span class='ocrx_word' id='word_1_9' title='bbox 1010 744 1174 837; x_wconf 74' lang='grc' dir='ltr'><strong><em>ἐνεργήσει</em></strong></span> <span class='ocrx_word' id='word_1_10' title='bbox 1198 757 1264 834; x_wconf 85' lang='grc' dir='ltr'><strong><em>τὶς,</em></strong></span> 
     </span>
     <span class='ocr_line' id='line_1_2' title="bbox 253 847 1264 941; baseline -0.001 -19"><span class='ocrx_word' id='word_1_11' title='bbox 253 852 403 922; x_wconf 88' lang='grc' dir='ltr'><strong><em>ἀναίτιον</em></strong></span> <span class='ocrx_word' id='word_1_12' title='bbox 425 855 550 936; x_wconf 92' lang='grc' dir='ltr'><strong><em>κίνησιν</em></strong></span> <span class='ocrx_word' id='word_1_13' title='bbox 575 847 793 940; x_wconf 81' lang='grc' dir='ltr'><strong><em>ἐιςοίγεσθοιι,</em></strong></span> <span class='ocrx_word' id='word_1_14' title='bbox 815 849 872 919; x_wconf 85' lang='grc' dir='ltr'><strong><em>ὃιά</em></strong></span> <span class='ocrx_word' id='word_1_15' title='bbox 896 853 996 919; x_wconf 79' lang='grc' dir='ltr'><strong><em>τοῦτο</em></strong></span> <span class='ocrx_word' id='word_1_16' title='bbox 1014 854 1118 938; x_wconf 85' lang='grc' dir='ltr'><strong><em>λέγειν</em></strong></span> <span class='ocrx_word' id='word_1_17' title='bbox 1138 849 1185 941; x_wconf 84' lang='grc' dir='ltr'><strong><em>μὴ</em></strong></span> <span class='ocrx_word' id='word_1_18' title='bbox 1207 849 1264 921; x_wconf 81' lang='grc' dir='ltr'><strong><em>δεί-</em></strong></span> 
     </span>
     <span class='ocr_line' id='line_1_3' title="bbox 252 950 1290 1078; baseline 0.001 -54"><span class='ocrx_word' id='word_1_19' title='bbox 252 952 419 1025; x_wconf 87' lang='grc' dir='ltr'><strong><em>νασθαι</em></strong></span> <span class='ocrx_word' id='word_1_20' title='bbox 404 978 443 1024; x_wconf 89' lang='grc' dir='ltr'><strong><em>ου</em></strong></span> <span class='ocrx_word' id='word_1_21' title='bbox 429 953 576 1078; x_wconf 82' lang='grc' dir='ltr'><strong><em>πράξει</em></strong></span> <span class='ocrx_word' id='word_1_22' title='bbox 601 982 652 1034; x_wconf 89' lang='grc' dir='ltr'><strong><em>τις</em></strong></span> <span class='ocrx_word' id='word_1_23' title='bbox 673 955 796 1048; x_wconf 80' lang='grc' dir='ltr'><strong><em>πρᾶξαι</em></strong></span> <span class='ocrx_word' id='word_1_24' title='bbox 816 950 857 1022; x_wconf 86' lang='grc' dir='ltr'><strong><em>τὸ</em></strong></span> <span class='ocrx_word' id='word_1_25' title='bbox 882 951 1117 1042; x_wconf 78' lang='grc' dir='ltr'><strong><em>ἀντικείμενον,</em></strong></span> <span class='ocrx_word' id='word_1_26' title='bbox 1137 951 1265 1044; x_wconf 77' lang='grc' dir='ltr'><strong><em>μήποτε</em></strong></span> <span class='ocrx_word' id='word_1_27' title='bbox 1288 1021 1290 1025; x_wconf 35' lang='grc'><strong><em>,</em></strong></span> 
     </span>
     <span class='ocr_line' id='line_1_4' title="bbox 252 1055 1264 1182; baseline -0.004 -55"><span class='ocrx_word' id='word_1_28' title='bbox 252 1067 309 1128; x_wconf 81' lang='grc' dir='ltr'><strong><em>καί</em></strong></span> <span class='ocrx_word' id='word_1_29' title='bbox 337 1057 420 1127; x_wconf 86' lang='grc' dir='ltr'><strong><em>ἀυτό</em></strong></span> <span class='ocrx_word' id='word_1_30' title='bbox 452 1059 517 1127; x_wconf 81' lang='grc' dir='ltr'><strong><em>τῶν</em></strong></span> <span class='ocrx_word' id='word_1_31' title='bbox 549 1055 670 1181; x_wconf 82' lang='grc' dir='ltr'><strong><em>ὁμοίως</em></strong></span> <span class='ocrx_word' id='word_1_32' title='bbox 703 1063 774 1138; x_wconf 87' lang='grc' dir='ltr'><strong><em>τοῖς</em></strong></span> <span class='ocrx_word' id='word_1_33' title='bbox 798 1060 1045 1179; x_wconf 79' lang='grc' dir='ltr'><strong><em>προειρημένοις</em></strong></span> <span class='ocrx_word' id='word_1_34' title='bbox 1070 1061 1264 1182; x_wconf 82' lang='grc' dir='ltr'><strong><em>παρορωμέ-</em></strong></span> 
     </span>
     <span class='ocr_line' id='line_1_5' title="bbox 250 1156 1265 1280; baseline -0.002 -48"><span class='ocrx_word' id='word_1_35' title='bbox 250 1187 334 1246; x_wconf 77' lang='grc' dir='ltr'><strong><em>νωνς</em></strong></span> <span class='ocrx_word' id='word_1_36' title='bbox 371 1160 411 1232; x_wconf 87' lang='grc' dir='ltr'><strong><em>ὀν</em></strong></span> <span class='ocrx_word' id='word_1_37' title='bbox 445 1188 511 1280; x_wconf 88' lang='grc' dir='ltr'><strong><em>γοιρ</em></strong></span> <span class='ocrx_word' id='word_1_38' title='bbox 542 1158 673 1242; x_wconf 85' lang='grc' dir='ltr'><strong><em>ποίντως</em></strong></span> <span class='ocrx_word' id='word_1_39' title='bbox 687 1157 752 1229; x_wconf 84' lang='grc' dir='ltr'><strong><em>ἀεὶ</em></strong></span> <span class='ocrx_word' id='word_1_40' title='bbox 765 1157 827 1228; x_wconf 79' lang='grc' dir='ltr'><strong><em>τὰ</em></strong></span> <span class='ocrx_word' id='word_1_41' title='bbox 853 1157 1010 1250; x_wconf 86' lang='grc' dir='ltr'><strong><em>γινόμενα</em></strong></span> <span class='ocrx_word' id='word_1_42' title='bbox 1037 1156 1124 1228; x_wconf 79' lang='grc' dir='ltr'><strong><em>κατὰ</em></strong></span> <span class='ocrx_word' id='word_1_43' title='bbox 1151 1157 1265 1230; x_wconf 85' lang='grc' dir='ltr'><strong><em>ἀιτίακ</em></strong></span> 
     </span>
     <span class='ocr_line' id='line_1_6' title="bbox 251 1259 1265 1392; baseline -0.005 -57.925"><span class='ocrx_word' id='word_1_44' title='bbox 251 1265 419 1349; x_wconf 83' lang='grc' dir='ltr'><strong><em>ἕ”ξωθεν</em></strong></span> <span class='ocrx_word' id='word_1_45' title='bbox 399 1291 464 1356; x_wconf 84' lang='grc' dir='ltr'><strong><em>εχει</em></strong></span> <span class='ocrx_word' id='word_1_46' title='bbox 492 1267 552 1333; x_wconf 80' lang='grc' dir='ltr'><strong><em>τοῦ</em></strong></span> <span class='ocrx_word' id='word_1_47' title='bbox 582 1266 741 1358; x_wconf 85' lang='grc' dir='ltr'><strong><em>γίνεσθαι</em></strong></span> <span class='ocrx_word' id='word_1_48' title='bbox 773 1261 834 1392; x_wconf 72' lang='grc' dir='ltr'><strong><em>τηρ</em></strong></span> <span class='ocrx_word' id='word_1_49' title='bbox 860 1261 992 1346; x_wconf 89' lang='grc' dir='ltr'><strong><em>ἀιτίοιν,</em></strong></span> <span class='ocrx_word' id='word_1_50' title='bbox 1029 1259 1087 1331; x_wconf 85' lang='grc' dir='ltr'><strong><em>ὃιά</em></strong></span> <span class='ocrx_word' id='word_1_51' title='bbox 1109 1260 1184 1356; x_wconf 85' lang='grc' dir='ltr'><strong><em>γὰρ</em></strong></span> <span class='ocrx_word' id='word_1_52' title='bbox 1203 1261 1265 1348; x_wconf 75' lang='grc' dir='ltr'><strong><em>τὴν</em></strong></span> 
     </span>
     <span class='ocr_line' id='line_1_7' title="bbox 227 1357 1280 1461; baseline -0.005 -26"><span class='ocrx_word' id='word_1_53' title='bbox 227 1362 408 1452; x_wconf 61' lang='grc' dir='ltr'><strong><em>1τοιαύτην</em></strong></span> <span class='ocrx_word' id='word_1_54' title='bbox 429 1368 619 1452; x_wconf 75' lang='grc' dir='ltr'><strong><em>ἐξουσίαν”</em></strong></span> <span class='ocrx_word' id='word_1_55' title='bbox 600 1393 670 1436; x_wconf 87' lang='grc' dir='ltr'><strong><em>εστι</em></strong></span> <span class='ocrx_word' id='word_1_56' title='bbox 694 1367 727 1450; x_wconf 79' lang='lat'><strong><em>²)</em></strong></span> <span class='ocrx_word' id='word_1_57' title='bbox 753 1367 826 1434; x_wconf 77' lang='grc' dir='ltr'><strong><em>κί’</em></strong></span> <span class='ocrx_word' id='word_1_58' title='bbox 810 1362 859 1461; x_wconf 69' lang='grc' dir='ltr'><strong><em>ιη’</em></strong></span> <span class='ocrx_word' id='word_1_59' title='bbox 882 1361 977 1455; x_wconf 76' lang='grc' dir='ltr'><strong><em>ἡμῖν,</em></strong></span> <span class='ocrx_word' id='word_1_60' title='bbox 1014 1357 1067 1434; x_wconf 76' lang='grc' dir='ltr'><strong><em>ὅτι</em></strong></span> <span class='ocrx_word' id='word_1_61' title='bbox 1088 1367 1153 1434; x_wconf 80' lang='grc' dir='ltr'><strong><em>τῶν</em></strong></span> <span class='ocrx_word' id='word_1_62' title='bbox 1177 1361 1280 1438; x_wconf 81' lang='grc' dir='ltr'><strong><em>ὁιίτω.</em></strong></span> 
     </span>
     <span class='ocr_line' id='line_1_8' title="bbox 250 1464 1266 1596; baseline -0.005 -55"><span class='ocrx_word' id='word_1_63' title='bbox 250 1476 429 1596; x_wconf 82' lang='grc' dir='ltr'><strong><em>γινομένων</em></strong></span> <span class='ocrx_word' id='word_1_64' title='bbox 457 1469 550 1560; x_wconf 79' lang='grc' dir='ltr'><strong><em>ἡμεῖς</em></strong></span> <span class='ocrx_word' id='word_1_65' title='bbox 582 1473 678 1560; x_wconf 78' lang='grc' dir='ltr'><strong><em>έομέυ</em></strong></span> <span class='ocrx_word' id='word_1_66' title='bbox 709 1467 833 1562; x_wconf 81' lang='grc' dir='ltr'><strong><em>κύριοι·</em></strong></span> <span class='ocrx_word' id='word_1_67' title='bbox 869 1464 938 1537; x_wconf 76' lang='grc' dir='ltr'><strong><em>ἀλλ’</em></strong></span> <span class='ocrx_word' id='word_1_68' title='bbox 971 1465 1030 1538; x_wconf 80' lang='grc' dir='ltr'><strong><em>οὐκ</em></strong></span> <span class='ocrx_word' id='word_1_69' title='bbox 1062 1467 1187 1551; x_wconf 80' lang='grc' dir='ltr'><strong><em>ἔξωθεν</em></strong></span> <span class='ocrx_word' id='word_1_70' title='bbox 1214 1474 1266 1549; x_wconf 77' lang='grc' dir='ltr'><strong><em>τίς</em></strong></span> 
     </span>
     <span class='ocr_line' id='line_1_9' title="bbox 251 1567 1268 1661; baseline -0.004 -17"><span class='ocrx_word' id='word_1_71' title='bbox 251 1573 353 1644; x_wconf 86' lang='grc' dir='ltr'><strong><em>ἀιτία.</em></strong></span> <span class='ocrx_word' id='word_1_72' title='bbox 406 1572 467 1643; x_wconf 81' lang='grc' dir='ltr'><strong><em>Διὸ</em></strong></span> <span class='ocrx_word' id='word_1_73' title='bbox 490 1571 550 1642; x_wconf 79' lang='grc' dir='ltr'><strong><em>οὐκ</em></strong></span> <span class='ocrx_word' id='word_1_74' title='bbox 567 1569 720 1653; x_wconf 75' lang='grc' dir='ltr'><strong><em>ἀναιτίως</em></strong></span> <span class='ocrx_word' id='word_1_75' title='bbox 738 1576 766 1656; x_wconf 74' lang='lat'><strong><em>⁵)</em></strong></span> <span class='ocrx_word' id='word_1_76' title='bbox 788 1571 832 1640; x_wconf 86' lang='grc' dir='ltr'><strong><em>τά</em></strong></span> <span class='ocrx_word' id='word_1_77' title='bbox 851 1567 938 1640; x_wconf 80' lang='grc' dir='ltr'><strong><em>ὁίτω</em></strong></span> <span class='ocrx_word' id='word_1_78' title='bbox 953 1567 1109 1661; x_wconf 87' lang='grc' dir='ltr'><strong><em>γινόμενα</em></strong></span> <span class='ocrx_word' id='word_1_79' title='bbox 1125 1572 1268 1660; x_wconf 86' lang='grc' dir='ltr'><strong><em>γίνεται,</em></strong></span> 
     </span>
     <span class='ocr_line' id='line_1_10' title="bbox 235 1669 1266 1799; baseline -0.004 -53"><span class='ocrx_word' id='word_1_80' title='bbox 235 1669 326 1799; x_wconf 72' lang='grc' dir='ltr'><strong><em>’πριρ</em></strong></span> <span class='ocrx_word' id='word_1_81' title='bbox 350 1673 442 1764; x_wconf 76' lang='grc' dir='ltr'><strong><em>ἡμῶν</em></strong></span> <span class='ocrx_word' id='word_1_82' title='bbox 467 1675 527 1761; x_wconf 81' lang='grc' dir='ltr'><strong><em>τὴν</em></strong></span> <span class='ocrx_word' id='word_1_83' title='bbox 551 1674 664 1745; x_wconf 87' lang='grc' dir='ltr'><strong><em>ἀιτίαυ</em></strong></span> <span class='ocrx_word' id='word_1_84' title='bbox 685 1678 811 1767; x_wconf 79' lang='grc' dir='ltr'><strong><em>ἔχοντα.</em></strong></span> <span class='ocrx_word' id='word_1_85' title='bbox 851 1671 889 1744; x_wconf 86' lang='lat'><strong><em>0</em></strong></span> <span class='ocrx_word' id='word_1_86' title='bbox 912 1699 977 1768; x_wconf 94' lang='grc' dir='ltr'><strong><em>γαρ</em></strong></span> <span class='ocrx_word' id='word_1_87' title='bbox 998 1669 1225 1767; x_wconf 74' lang='grc' dir='ltr'><strong><em>ἄνθρωπος’</em></strong></span> <span class='ocrx_word' id='word_1_88' title='bbox 1205 1689 1266 1767; x_wconf 69' lang='grc' dir='ltr'><strong><em>αρ’</em></strong></span> 
     </span>
     <span class='ocr_line' id='line_1_11' title="bbox 247 1773 1266 1871; baseline -0.003 -22"><span class='ocrx_word' id='word_1_89' title='bbox 247 1778 290 1871; x_wconf 82' lang='grc' dir='ltr'><strong><em>χὴ</em></strong></span> <span class='ocrx_word' id='word_1_90' title='bbox 318 1788 372 1860; x_wconf 82' lang='grc' dir='ltr'><strong><em>καὶ</em></strong></span> <span class='ocrx_word' id='word_1_91' title='bbox 402 1777 493 1849; x_wconf 75' lang='grc' dir='ltr'><strong><em>ἀντία</em></strong></span> <span class='ocrx_word' id='word_1_92' title='bbox 522 1783 586 1848; x_wconf 76' lang='grc' dir='ltr'><strong><em>τῶν</em></strong></span> <span class='ocrx_word' id='word_1_93' title='bbox 615 1776 654 1847; x_wconf 80' lang='grc' dir='ltr'><strong><em>δι’</em></strong></span> <span class='ocrx_word' id='word_1_94' title='bbox 685 1776 789 1848; x_wconf 81' lang='grc' dir='ltr'><strong><em>ἀντοά</em></strong></span> <span class='ocrx_word' id='word_1_95' title='bbox 824 1773 862 1861; x_wconf 77' lang='lat'><strong><em>⁴)&#39;</em></strong></span> <span class='ocrx_word' id='word_1_96' title='bbox 890 1783 1068 1867; x_wconf 86' lang='grc' dir='ltr'><strong><em>γινομένων</em></strong></span> <span class='ocrx_word' id='word_1_97' title='bbox 1099 1775 1266 1871; x_wconf 81' lang='grc' dir='ltr'><strong><em>πράξεων,</em></strong></span> 
     </span>
     <span class='ocr_line' id='line_1_12' title="bbox 250 1876 1266 1976; baseline -0.003 -25"><span class='ocrx_word' id='word_1_98' title='bbox 250 1889 306 1952; x_wconf 85' lang='grc' dir='ltr'><strong><em>καὶ</em></strong></span> <span class='ocrx_word' id='word_1_99' title='bbox 338 1880 438 1951; x_wconf 82' lang='grc' dir='ltr'><strong><em>τοῦτό</em></strong></span> <span class='ocrx_word' id='word_1_100' title='bbox 469 1885 539 1951; x_wconf 78' lang='grc' dir='ltr'><strong><em>ἐστι</em></strong></span> <span class='ocrx_word' id='word_1_101' title='bbox 570 1881 611 1950; x_wconf 88' lang='grc' dir='ltr'><strong><em>τὸ</em></strong></span> <span class='ocrx_word' id='word_1_102' title='bbox 642 1885 725 1951; x_wconf 82' lang='grc' dir='ltr'><strong><em>έῑνοιι</em></strong></span> <span class='ocrx_word' id='word_1_103' title='bbox 753 1876 925 1976; x_wconf 75' lang='grc' dir='ltr'><strong><em>ἀνθρώπῳ</em></strong></span> <span class='ocrx_word' id='word_1_104' title='bbox 954 1880 993 1950; x_wconf 87' lang='grc' dir='ltr'><strong><em>τὸ</em></strong></span> <span class='ocrx_word' id='word_1_105' title='bbox 1023 1879 1084 1949; x_wconf 84' lang='grc' dir='ltr'><strong><em>τοῦ</em></strong></span> <span class='ocrx_word' id='word_1_106' title='bbox 1108 1877 1266 1974; x_wconf 79' lang='grc' dir='ltr'><strong><em>πράττειν</em></strong></span> 
     </span>
     <span class='ocr_line' id='line_1_13' title="bbox 251 1979 1266 2082; baseline -0.004 -28"><span class='ocrx_word' id='word_1_107' title='bbox 251 1983 355 2066; x_wconf 81' lang='grc' dir='ltr'><strong><em>ὁύτως</em></strong></span> <span class='ocrx_word' id='word_1_108' title='bbox 384 1983 443 2070; x_wconf 77' lang='grc' dir='ltr'><strong><em>τὴν</em></strong></span> <span class='ocrx_word' id='word_1_109' title='bbox 469 1983 575 2078; x_wconf 79' lang='grc' dir='ltr'><strong><em>ἀρχὴν</em></strong></span> <span class='ocrx_word' id='word_1_110' title='bbox 601 1985 684 2076; x_wconf 77' lang='grc' dir='ltr'><strong><em>ἔχειν</em></strong></span> <span class='ocrx_word' id='word_1_111' title='bbox 714 1988 747 2054; x_wconf 82' lang='grc' dir='ltr'><strong><em>ἐν</em></strong></span> <span class='ocrx_word' id='word_1_112' title='bbox 776 1982 868 2081; x_wconf 79' lang='grc' dir='ltr'><strong><em>ἀντῷ</em></strong></span> <span class='ocrx_word' id='word_1_113' title='bbox 879 2037 887 2067; x_wconf 83' lang='grc'><strong><em>,</em></strong></span> <span class='ocrx_word' id='word_1_114' title='bbox 924 1981 969 2064; x_wconf 80' lang='grc' dir='ltr'><strong><em>ὡς</em></strong></span> <span class='ocrx_word' id='word_1_115' title='bbox 995 1988 1035 2082; x_wconf 75' lang='grc' dir='ltr'><strong><em>τῇ</em></strong></span> <span class='ocrx_word' id='word_1_116' title='bbox 1064 1985 1195 2078; x_wconf 74' lang='grc' dir='ltr'><strong><em>σφαίρᾳ</em></strong></span> <span class='ocrx_word' id='word_1_117' title='bbox 1226 1979 1266 2051; x_wconf 82' lang='grc' dir='ltr'><strong><em>τὸ</em></strong></span> 
     </span>
     <span class='ocr_line' id='line_1_14' title="bbox 250 2085 1268 2184; baseline -0.001 -28"><span class='ocrx_word' id='word_1_118' title='bbox 250 2086 337 2179; x_wconf 84' lang='grc' dir='ltr'><strong><em>κατά</em></strong></span> <span class='ocrx_word' id='word_1_119' title='bbox 363 2093 423 2157; x_wconf 81' lang='grc' dir='ltr'><strong><em>τοῦ</em></strong></span> <span class='ocrx_word' id='word_1_120' title='bbox 447 2091 593 2181; x_wconf 84' lang='grc' dir='ltr'><strong><em>πρανοῦς</em></strong></span> <span class='ocrx_word' id='word_1_121' title='bbox 614 2093 789 2184; x_wconf 83' lang='grc' dir='ltr'><strong><em>κυλιομένη</em></strong></span> <span class='ocrx_word' id='word_1_122' title='bbox 811 2092 993 2181; x_wconf 79' lang='grc' dir='ltr'><strong><em>φέρεσθαι.</em></strong></span> <span class='ocrx_word' id='word_1_123' title='bbox 1038 2085 1100 2156; x_wconf 79' lang='grc' dir='ltr'><strong><em>Διὸ</em></strong></span> <span class='ocrx_word' id='word_1_124' title='bbox 1122 2088 1186 2155; x_wconf 78' lang='grc' dir='ltr'><strong><em>τάν</em></strong></span> <span class='ocrx_word' id='word_1_125' title='bbox 1206 2093 1268 2174; x_wconf 80' lang='grc' dir='ltr'><strong><em>μὲν</em></strong></span> 
     </span>
     <span class='ocr_line' id='line_1_15' title="bbox 253 2184 1267 2285; baseline -0.003 -26"><span class='ocrx_word' id='word_1_126' title='bbox 253 2191 362 2261; x_wconf 82' lang='grc' dir='ltr'><strong><em>ἀλλων</em></strong></span> <span class='ocrx_word' id='word_1_127' title='bbox 382 2189 523 2261; x_wconf 74' lang='grc' dir='ltr'><strong><em>ἕκαστον</em></strong></span> <span class='ocrx_word' id='word_1_128' title='bbox 548 2196 659 2262; x_wconf 79' lang='grc' dir='ltr'><strong><em>ἕπεται</em></strong></span> <span class='ocrx_word' id='word_1_129' title='bbox 679 2198 753 2269; x_wconf 85' lang='grc' dir='ltr'><strong><em>ταῖς</em></strong></span> <span class='ocrx_word' id='word_1_130' title='bbox 774 2192 898 2274; x_wconf 81' lang='grc' dir='ltr'><strong><em>ἔξωθεν</em></strong></span> <span class='ocrx_word' id='word_1_131' title='bbox 919 2187 1009 2285; x_wconf 56' lang='grc' dir='ltr'><strong><em>ἀντί</em></strong></span> <span class='ocrx_word' id='word_1_132' title='bbox 1032 2184 1267 2281; x_wconf 79' lang='grc' dir='ltr'><strong><em>περιεοτώσαις</em></strong></span> 
     </span>
     <span class='ocr_line' id='line_1_16' title="bbox 251 2287 1268 2388; baseline -0.003 -26"><span class='ocrx_word' id='word_1_133' title='bbox 251 2291 391 2376; x_wconf 88' lang='grc' dir='ltr'><strong><em>ἀιτίαις,</em></strong></span> <span class='ocrx_word' id='word_1_134' title='bbox 420 2291 439 2361; x_wconf 87' lang='grc' dir='ltr'>ὁ</span> <span class='ocrx_word' id='word_1_135' title='bbox 461 2289 490 2364; x_wconf 73' lang='grc' dir='ltr'><strong><em>ἀ</em></strong></span> <span class='ocrx_word' id='word_1_136' title='bbox 513 2291 696 2382; x_wconf 76' lang='grc' dir='ltr'><strong><em>ἄνθρωπος</em></strong></span> <span class='ocrx_word' id='word_1_137' title='bbox 719 2292 778 2383; x_wconf 83' lang='grc' dir='ltr'><strong><em>οίίχ</em></strong></span> <span class='ocrx_word' id='word_1_138' title='bbox 790 2346 798 2376; x_wconf 89' lang='grc'><strong><em>,</em></strong></span> <span class='ocrx_word' id='word_1_139' title='bbox 831 2287 884 2362; x_wconf 79' lang='grc' dir='ltr'><strong><em>ὅτι</em></strong></span> <span class='ocrx_word' id='word_1_140' title='bbox 902 2297 989 2361; x_wconf 82' lang='grc' dir='ltr'><strong><em>ἐστίν</em></strong></span> <span class='ocrx_word' id='word_1_141' title='bbox 1010 2289 1101 2388; x_wconf 75' lang='grc' dir='ltr'><strong><em>ἀντῷ</em></strong></span> <span class='ocrx_word' id='word_1_142' title='bbox 1122 2290 1161 2360; x_wconf 88' lang='grc' dir='ltr'><strong><em>τὸ</em></strong></span> <span class='ocrx_word' id='word_1_143' title='bbox 1183 2294 1268 2360; x_wconf 84' lang='grc' dir='ltr'><strong><em>έῐναι</em></strong></span> 
     </span>
     <span class='ocr_line' id='line_1_17' title="bbox 251 2390 1268 2492; baseline -0.001 -29"><span class='ocrx_word' id='word_1_144' title='bbox 251 2401 284 2464; x_wconf 83' lang='grc' dir='ltr'><strong><em>ἐν</em></strong></span> <span class='ocrx_word' id='word_1_145' title='bbox 303 2400 348 2488; x_wconf 78' lang='grc' dir='ltr'><strong><em>τῷ</em></strong></span> <span class='ocrx_word' id='word_1_146' title='bbox 370 2398 451 2487; x_wconf 82' lang='grc' dir='ltr'><strong><em>ἔχειν</em></strong></span> <span class='ocrx_word' id='word_1_147' title='bbox 478 2393 582 2489; x_wconf 88' lang='grc' dir='ltr'><strong><em>ἀρχηυ</em></strong></span> <span class='ocrx_word' id='word_1_148' title='bbox 603 2404 712 2464; x_wconf 85' lang='grc' dir='ltr'><strong><em>τεκαὶ</em></strong></span> <span class='ocrx_word' id='word_1_149' title='bbox 735 2394 845 2465; x_wconf 89' lang='grc' dir='ltr'><strong><em>ἀιτίαν</em></strong></span> <span class='ocrx_word' id='word_1_150' title='bbox 871 2399 904 2466; x_wconf 82' lang='grc' dir='ltr'><strong><em>ἰν</em></strong></span> <span class='ocrx_word' id='word_1_151' title='bbox 921 2393 1029 2492; x_wconf 77' lang='grc' dir='ltr'><strong><em>ἀντῷ,</em></strong></span> <span class='ocrx_word' id='word_1_152' title='bbox 1061 2398 1108 2491; x_wconf 80' lang='grc' dir='ltr'><strong><em>τῷ</em></strong></span> <span class='ocrx_word' id='word_1_153' title='bbox 1121 2391 1168 2483; x_wconf 83' lang='grc' dir='ltr'><strong><em>μὴ</em></strong></span> <span class='ocrx_word' id='word_1_154' title='bbox 1184 2390 1268 2466; x_wconf 73' lang='grc' dir='ltr'><strong><em>πάν·</em></strong></span> 
     </span>
     <span class='ocr_line' id='line_1_18' title="bbox 252 2493 1268 2625; baseline -0.001 -58"><span class='ocrx_word' id='word_1_155' title='bbox 252 2527 314 2581; x_wconf 90' lang='grc' dir='ltr'><strong><em>τως</em></strong></span> <span class='ocrx_word' id='word_1_156' title='bbox 336 2500 366 2582; x_wconf 87' lang='lat'><strong><em>⁵)</em></strong></span> <span class='ocrx_word' id='word_1_157' title='bbox 399 2504 545 2570; x_wconf 79' lang='grc' dir='ltr'><strong><em>ἕπεσθαι</em></strong></span> <span class='ocrx_word' id='word_1_158' title='bbox 575 2506 645 2580; x_wconf 85' lang='grc' dir='ltr'><strong><em>τοῖς</em></strong></span> <span class='ocrx_word' id='word_1_159' title='bbox 669 2501 881 2625; x_wconf 79' lang='grc' dir='ltr'><strong><em>περιεστῶσιν</em></strong></span> <span class='ocrx_word' id='word_1_160' title='bbox 909 2495 1082 2582; x_wconf 69' lang='grc' dir='ltr'><strong><em>ἑξωθευ’</em></strong></span> <span class='ocrx_word' id='word_1_161' title='bbox 1063 2500 1164 2592; x_wconf 72' lang='grc' dir='ltr'><strong><em>αυτῷ.</em></strong></span> <span class='ocrx_word' id='word_1_162' title='bbox 1214 2493 1268 2566; x_wconf 89' lang='grc' dir='ltr'><strong><em>Ει</em></strong></span> 
     </span>
     <span class='ocr_line' id='line_1_19' title="bbox 251 2595 1266 2727; baseline -0.003 -56"><span class='ocrx_word' id='word_1_163' title='bbox 251 2602 315 2713; x_wconf 78' lang='grc' dir='ltr'><strong><em>γὰρ</em></strong></span> <span class='ocrx_word' id='word_1_164' title='bbox 337 2629 378 2687; x_wconf 87' lang='grc' dir='ltr'><strong><em>ην</em></strong></span> <span class='ocrx_word' id='word_1_165' title='bbox 394 2601 473 2692; x_wconf 83' lang='grc' dir='ltr'><strong><em>ἡμῖν</em></strong></span> <span class='ocrx_word' id='word_1_166' title='bbox 492 2595 560 2687; x_wconf 79' lang='lat'><strong><em>⁶)</em></strong></span> <span class='ocrx_word' id='word_1_167' title='bbox 541 2631 562 2686; x_wconf 92' lang='lat'><strong><em>7</em></strong></span> <span class='ocrx_word' id='word_1_168' title='bbox 581 2605 736 2695; x_wconf 80' lang='grc' dir='ltr'><strong><em>περὶτῶν</em></strong></span> <span class='ocrx_word' id='word_1_169' title='bbox 754 2606 922 2727; x_wconf 81' lang='grc' dir='ltr'><strong><em>πρακτέων</em></strong></span> <span class='ocrx_word' id='word_1_170' title='bbox 944 2603 1065 2693; x_wconf 89' lang='grc' dir='ltr'><strong><em>κρίσις,</em></strong></span> <span class='ocrx_word' id='word_1_171' title='bbox 1086 2599 1183 2723; x_wconf 86' lang='grc' dir='ltr'><strong><em>πρὸς</em></strong></span> <span class='ocrx_word' id='word_1_172' title='bbox 1207 2604 1266 2670; x_wconf 74' lang='grc' dir='ltr'><strong><em>ἕνα</em></strong></span> 
     </span>
     <span class='ocr_line' id='line_1_20' title="bbox 253 2701 1269 2797; baseline -0.004 -21"><span class='ocrx_word' id='word_1_173' title='bbox 253 2711 406 2797; x_wconf 78' lang='grc' dir='ltr'><strong><em>γινομένη</em></strong></span> <span class='ocrx_word' id='word_1_174' title='bbox 434 2703 576 2787; x_wconf 87' lang='grc' dir='ltr'><strong><em>σκοπὸν,</em></strong></span> <span class='ocrx_word' id='word_1_175' title='bbox 605 2707 683 2786; x_wconf 85' lang='grc' dir='ltr'><strong><em>ἴσως</em></strong></span> <span class='ocrx_word' id='word_1_176' title='bbox 704 2707 768 2796; x_wconf 82' lang='grc' dir='ltr'><strong><em>έῑγέ</em></strong></span> <span class='ocrx_word' id='word_1_177' title='bbox 788 2731 863 2775; x_wconf 92' lang='grc' dir='ltr'><strong><em>τινα</em></strong></span> <span class='ocrx_word' id='word_1_178' title='bbox 881 2708 911 2787; x_wconf 87' lang='lat'><strong><em>⁷)</em></strong></span> <span class='ocrx_word' id='word_1_179' title='bbox 936 2702 1035 2791; x_wconf 86' lang='grc' dir='ltr'><strong><em>λόγον</em></strong></span> <span class='ocrx_word' id='word_1_180' title='bbox 1059 2701 1099 2774; x_wconf 83' lang='grc' dir='ltr'><strong><em>τὸ</em></strong></span> <span class='ocrx_word' id='word_1_181' title='bbox 1121 2701 1172 2772; x_wconf 78' lang='grc' dir='ltr'><strong><em>ἀει</em></strong></span> <span class='ocrx_word' id='word_1_182' title='bbox 1195 2709 1269 2793; x_wconf 78' lang='grc' dir='ltr'><strong><em>περὶ</em></strong></span> 
     </span>
     <span class='ocr_line' id='line_1_21' title="bbox 252 2801 1267 2900; baseline -0.004 -22"><span class='ocrx_word' id='word_1_183' title='bbox 252 2808 362 2879; x_wconf 82' lang='grc' dir='ltr'><strong><em>ἀυτῶν</em></strong></span> <span class='ocrx_word' id='word_1_184' title='bbox 386 2806 505 2900; x_wconf 84' lang='grc' dir='ltr'><strong><em>ὁμοίας</em></strong></span> <span class='ocrx_word' id='word_1_185' title='bbox 529 2807 558 2892; x_wconf 82' lang='lat'><strong><em>⁸)</em></strong></span> <span class='ocrx_word' id='word_1_186' title='bbox 583 2805 660 2898; x_wconf 79' lang='grc' dir='ltr'><strong><em>ἡμῖν</em></strong></span> <span class='ocrx_word' id='word_1_187' title='bbox 684 2811 843 2896; x_wconf 85' lang='grc' dir='ltr'><strong><em>γίνεσθαι</em></strong></span> <span class='ocrx_word' id='word_1_188' title='bbox 874 2807 936 2887; x_wconf 88' lang='grc' dir='ltr'><strong><em>τάς</em></strong></span> <span class='ocrx_word' id='word_1_189' title='bbox 957 2809 1087 2899; x_wconf 83' lang='grc' dir='ltr'><strong><em>κρίσεις.</em></strong></span> <span class='ocrx_word' id='word_1_190' title='bbox 1124 2803 1215 2876; x_wconf 73' lang='grc' dir='ltr'><strong><em>Ἐπεὶ</em></strong></span> <span class='ocrx_word' id='word_1_191' title='bbox 1238 2801 1267 2874; x_wconf 74' lang='grc' dir='ltr'><strong><em>ἀ</em></strong></span> 
     </span>
     <span class='ocr_line' id='line_1_22' title="bbox 254 2903 1331 3032; baseline -0.003 -52"><span class='ocrx_word' id='word_1_192' title='bbox 254 2909 314 3002; x_wconf 83' lang='grc' dir='ltr'><strong><em>οάχ</em></strong></span> <span class='ocrx_word' id='word_1_193' title='bbox 339 2908 443 2992; x_wconf 78' lang='grc' dir='ltr'><strong><em>ὄντως</em></strong></span> <span class='ocrx_word' id='word_1_194' title='bbox 471 2913 535 3002; x_wconf 79' lang='grc' dir='ltr'><strong><em>ἔχει</em></strong></span> <span class='ocrx_word' id='word_1_195' title='bbox 563 2908 772 3004; x_wconf 81' lang='grc' dir='ltr'><strong><em>(ἀιροιίμεθο</em></strong></span> <span class='ocrx_word' id='word_1_196' title='bbox 794 2910 859 3004; x_wconf 80' lang='grc' dir='ltr'><strong><em>γὰρ</em></strong></span> <span class='ocrx_word' id='word_1_197' title='bbox 885 2903 909 2978; x_wconf 84' lang='grc' dir='ltr'><strong><em>ἀ</em></strong></span> <span class='ocrx_word' id='word_1_198' title='bbox 933 2907 1126 3032; x_wconf 81' lang='grc' dir='ltr'><strong><em>ἀιρούμεθα</em></strong></span> <span class='ocrx_word' id='word_1_199' title='bbox 1139 2962 1148 2993; x_wconf 93' lang='grc'><strong><em>,</em></strong></span> <span class='ocrx_word' id='word_1_200' title='bbox 1186 2917 1269 2978; x_wconf 72' lang='grc' dir='ltr'><strong><em>ποτὲ</em></strong></span> <span class='ocrx_word' id='word_1_201' title='bbox 1322 2929 1331 2940; x_wconf 78' lang='grc'><em>“</em></span> 
     </span>
     <span class='ocr_line' id='line_1_23' title="bbox 251 3009 1268 3106; baseline -0.004 -21.828"><span class='ocrx_word' id='word_1_202' title='bbox 251 3014 391 3106; x_wconf 82' lang='grc' dir='ltr'><strong><em>μὲνὸιά</em></strong></span> <span class='ocrx_word' id='word_1_203' title='bbox 415 3015 464 3084; x_wconf 88' lang='grc' dir='ltr'><strong><em>τὸ</em></strong></span> <span class='ocrx_word' id='word_1_204' title='bbox 477 3012 580 3084; x_wconf 86' lang='grc' dir='ltr'><strong><em>καλόν</em></strong></span> <span class='ocrx_word' id='word_1_205' title='bbox 606 3039 661 3097; x_wconf 84' lang='grc' dir='ltr'><strong><em>τι,</em></strong></span> <span class='ocrx_word' id='word_1_206' title='bbox 698 3025 778 3082; x_wconf 75' lang='grc' dir='ltr'><strong><em>ποτε</em></strong></span> <span class='ocrx_word' id='word_1_207' title='bbox 764 3019 840 3083; x_wconf 75' lang='grc' dir='ltr'><strong><em>εδὲ</em></strong></span> <span class='ocrx_word' id='word_1_208' title='bbox 867 3011 924 3082; x_wconf 82' lang='grc' dir='ltr'><strong><em>διὰ</em></strong></span> <span class='ocrx_word' id='word_1_209' title='bbox 948 3011 987 3082; x_wconf 89' lang='grc' dir='ltr'><strong><em>τὸ</em></strong></span> <span class='ocrx_word' id='word_1_210' title='bbox 1016 3009 1095 3097; x_wconf 77' lang='grc' dir='ltr'><strong><em>ἡδὺ,</em></strong></span> <span class='ocrx_word' id='word_1_211' title='bbox 1127 3019 1207 3080; x_wconf 73' lang='grc' dir='ltr'><strong><em>ποτὲ</em></strong></span> <span class='ocrx_word' id='word_1_212' title='bbox 1229 3015 1268 3080; x_wconf 76' lang='grc' dir='ltr'><strong><em>δὲ</em></strong></span> 
     </span>
     <span class='ocr_line' id='line_1_24' title="bbox 253 3112 1269 3213; baseline -0.003 -26"><span class='ocrx_word' id='word_1_213' title='bbox 253 3117 311 3188; x_wconf 79' lang='grc' dir='ltr'><strong><em>ὃιά</em></strong></span> <span class='ocrx_word' id='word_1_214' title='bbox 336 3117 376 3186; x_wconf 87' lang='grc' dir='ltr'><strong><em>τὸ</em></strong></span> <span class='ocrx_word' id='word_1_215' title='bbox 405 3123 593 3238; x_wconf 76' lang='grc' dir='ltr'><strong><em>συμφέρον,</em></strong></span> <span class='ocrx_word' id='word_1_216' title='bbox 638 3125 693 3186; x_wconf 82' lang='grc' dir='ltr'><strong><em>καὶ</em></strong></span> <span class='ocrx_word' id='word_1_217' title='bbox 726 3115 764 3186; x_wconf 82' lang='grc' dir='ltr'><strong><em>οὗ</em></strong></span> <span class='ocrx_word' id='word_1_218' title='bbox 797 3113 904 3186; x_wconf 86' lang='grc' dir='ltr'><strong><em>τάντά</em></strong></span> <span class='ocrx_word' id='word_1_219' title='bbox 936 3113 1061 3185; x_wconf 81' lang='grc' dir='ltr'><strong><em>τούτων</em></strong></span> <span class='ocrx_word' id='word_1_220' title='bbox 1091 3112 1269 3200; x_wconf 79' lang='grc' dir='ltr'><strong><em>ποιηταιά)</em></strong></span> 
     </span>
     <span class='ocr_line' id='line_1_25' title="bbox 253 3215 1269 3312; baseline -0.002 -22"><span class='ocrx_word' id='word_1_221' title='bbox 253 3225 475 3312; x_wconf 75' lang='grc' dir='ltr'><strong><em>ἐνδέχεται</em></strong></span> <span class='ocrx_word' id='word_1_222' title='bbox 436 3248 494 3294; x_wconf 89' lang='grc' dir='ltr'><strong><em>νυν</em></strong></span> <span class='ocrx_word' id='word_1_223' title='bbox 518 3219 617 3311; x_wconf 75' lang='grc' dir='ltr'><strong><em>μέν</em></strong></span> <span class='ocrx_word' id='word_1_224' title='bbox 601 3249 652 3290; x_wconf 84' lang='grc' dir='ltr'><strong><em>επι</em></strong></span> <span class='ocrx_word' id='word_1_225' title='bbox 674 3219 713 3290; x_wconf 86' lang='grc' dir='ltr'><strong><em>τὸ</em></strong></span> <span class='ocrx_word' id='word_1_226' title='bbox 738 3218 841 3289; x_wconf 86' lang='grc' dir='ltr'><strong><em>καλὸν</em></strong></span> <span class='ocrx_word' id='word_1_227' title='bbox 862 3215 1102 3304; x_wconf 73' lang='grc' dir='ltr'><strong><em>κινηθέντος</em></strong></span> <span class='ocrx_word' id='word_1_228' title='bbox 1082 3218 1171 3311; x_wconf 81' lang='grc' dir='ltr'><strong><em>ημοίς</em></strong></span> <span class='ocrx_word' id='word_1_229' title='bbox 1187 3215 1269 3288; x_wconf 79' lang='grc' dir='ltr'><strong><em>τάδε</em></strong></span> 
     </span>
     <span class='ocr_line' id='line_1_26' title="bbox 253 3317 1270 3419; baseline -0.003 -26"><span class='ocrx_word' id='word_1_230' title='bbox 253 3328 317 3395; x_wconf 77' lang='grc' dir='ltr'><strong><em>τῶν</em></strong></span> <span class='ocrx_word' id='word_1_231' title='bbox 344 3319 568 3416; x_wconf 84' lang='grc' dir='ltr'><strong><em>περιεστώτων</em></strong></span> <span class='ocrx_word' id='word_1_232' title='bbox 600 3325 814 3419; x_wconf 85' lang='grc' dir='ltr'><strong><em>προκείμενα,</em></strong></span> <span class='ocrx_word' id='word_1_233' title='bbox 851 3317 957 3404; x_wconf 88' lang='grc' dir='ltr'><strong><em>ἀνθις</em></strong></span> <span class='ocrx_word' id='word_1_234' title='bbox 982 3324 1018 3391; x_wconf 78' lang='grc' dir='ltr'><strong><em>δέ</em></strong></span> <span class='ocrx_word' id='word_1_235' title='bbox 1050 3319 1186 3390; x_wconf 44' lang='grc' dir='ltr'><strong><em>ἀλλα(</em></strong></span> <span class='ocrx_word' id='word_1_236' title='bbox 1166 3327 1270 3414; x_wconf 82' lang='grc' dir='ltr'><strong><em>αιρεῖ-</em></strong></span> 
     </span>
     <span class='ocr_line' id='line_1_27' title="bbox 255 3422 1270 3550; baseline -0.002 -54"><span class='ocrx_word' id='word_1_237' title='bbox 255 3435 345 3496; x_wconf 88' lang='grc' dir='ltr'><strong><em>σθαι</em></strong></span> <span class='ocrx_word' id='word_1_238' title='bbox 366 3431 417 3511; x_wconf 81' lang='grc'><strong><em>9),</em></strong></span> <span class='ocrx_word' id='word_1_239' title='bbox 463 3426 546 3520; x_wconf 87' lang='grc' dir='ltr'><strong><em>πρὸς</em></strong></span> <span class='ocrx_word' id='word_1_240' title='bbox 571 3425 610 3495; x_wconf 91' lang='grc' dir='ltr'><strong><em>τὸ</em></strong></span> <span class='ocrx_word' id='word_1_241' title='bbox 631 3423 693 3510; x_wconf 76' lang='grc' dir='ltr'><strong><em>ηδτ)</em></strong></span> <span class='ocrx_word' id='word_1_242' title='bbox 716 3424 738 3509; x_wconf 78' lang='grc' dir='ltr'><em>ἢ</em></span> <span class='ocrx_word' id='word_1_243' title='bbox 758 3427 797 3494; x_wconf 85' lang='grc' dir='ltr'><strong><em>τὸ</em></strong></span> <span class='ocrx_word' id='word_1_244' title='bbox 822 3432 991 3550; x_wconf 79' lang='grc' dir='ltr'><strong><em>συμφέρον</em></strong></span> <span class='ocrx_word' id='word_1_245' title='bbox 1007 3423 1068 3509; x_wconf 75' lang='grc' dir='ltr'><strong><em>την</em></strong></span> <span class='ocrx_word' id='word_1_246' title='bbox 1091 3422 1270 3520; x_wconf 78' lang='grc' dir='ltr'><strong><em>ἀναφορὰν</em></strong></span> 
     </span>
     <span class='ocr_line' id='line_1_28' title="bbox 255 3523 1271 3656; baseline -0.002 -58"><span class='ocrx_word' id='word_1_247' title='bbox 255 3533 312 3614; x_wconf 75' lang='grc' dir='ltr'><strong><em>τῆς</em></strong></span> <span class='ocrx_word' id='word_1_248' title='bbox 316 3533 468 3656; x_wconf 85' lang='grc' dir='ltr'><strong><em>κρίσεως</em></strong></span> <span class='ocrx_word' id='word_1_249' title='bbox 492 3535 718 3619; x_wconf 82' lang='grc' dir='ltr'><strong><em>ποιουμένους</em></strong></span> <span class='ocrx_word' id='word_1_250' title='bbox 756 3523 872 3610; x_wconf 57' lang='grc' dir='ltr'><strong><em>τὨς</em></strong></span> <span class='ocrx_word' id='word_1_251' title='bbox 834 3557 898 3622; x_wconf 92' lang='grc' dir='ltr'><strong><em>γαρ</em></strong></span> <span class='ocrx_word' id='word_1_252' title='bbox 925 3527 963 3598; x_wconf 86' lang='grc' dir='ltr'><strong><em>οὐ</em></strong></span> <span class='ocrx_word' id='word_1_253' title='bbox 986 3533 1143 3617; x_wconf 80' lang='grc' dir='ltr'><strong><em>ζητοῦμεν</em></strong></span> <span class='ocrx_word' id='word_1_254' title='bbox 1164 3526 1271 3611; x_wconf 78' lang='grc' dir='ltr'><strong><em>ἀλλην</em></strong></span> 
     </span>
    </p>
   </div>
   <div class='ocr_carea' id='block_1_2' title="bbox 256 3705 1270 4034">
    <p class='ocr_par' dir='ltr' id='par_1_2' title="bbox 256 3705 1270 4034">
     <span class='ocr_line' id='line_1_29' title="bbox 256 3705 1269 3859; baseline -0.001 -54"><span class='ocrx_word' id='word_1_255' title='bbox 256 3743 392 3859; x_wconf 80' lang='grc' dir='ltr'><strong><em>φέρεται</em></strong></span> <span class='ocrx_word' id='word_1_256' title='bbox 418 3734 523 3818; x_wconf 91' lang='grc' dir='ltr'><strong><em>κοίτω,</em></strong></span> <span class='ocrx_word' id='word_1_257' title='bbox 559 3765 581 3819; x_wconf 89' lang='lat'><strong><em>7</em></strong></span> <span class='ocrx_word' id='word_1_258' title='bbox 607 3731 683 3805; x_wconf 83' lang='grc' dir='ltr'><strong><em>δι</em></strong></span> <span class='ocrx_word' id='word_1_259' title='bbox 670 3761 711 3820; x_wconf 91' lang='grc' dir='ltr'><strong><em>ην</em></strong></span> <span class='ocrx_word' id='word_1_260' title='bbox 732 3734 860 3819; x_wconf 88' lang='grc' dir='ltr'><strong><em>ἀιτίαν,</em></strong></span> <span class='ocrx_word' id='word_1_261' title='bbox 896 3731 921 3803; x_wconf 83' lang='grc' dir='ltr'><strong><em>ἀ</em></strong></span> <span class='ocrx_word' id='word_1_262' title='bbox 940 3732 1081 3830; x_wconf 86' lang='grc' dir='ltr'><strong><em>πράσσιι</em></strong></span> <span class='ocrx_word' id='word_1_263' title='bbox 1103 3705 1148 3803; x_wconf 66' lang='lat' dir='ltr'><strong><em>vii</em></strong></span> <span class='ocrx_word' id='word_1_264' title='bbox 1168 3737 1269 3818; x_wconf 76' lang='grc' dir='ltr'><strong><em>ζῶον,</em></strong></span> 
     </span>
     <span class='ocr_line' id='line_1_30' title="bbox 256 3833 1270 3938; baseline -0.004 -28.996"><span class='ocrx_word' id='word_1_265' title='bbox 256 3837 396 3935; x_wconf 78' lang='grc' dir='ltr'><strong><em>πράσσει</em></strong></span> <span class='ocrx_word' id='word_1_266' title='bbox 422 3836 503 3938; x_wconf 85' lang='grc' dir='ltr'><strong><em>καθ</em></strong></span> <span class='ocrx_word' id='word_1_267' title='bbox 535 3833 656 3932; x_wconf 84' lang='grc' dir='ltr'><strong><em>ὁρμην,</em></strong></span> <span class='ocrx_word' id='word_1_268' title='bbox 688 3841 735 3934; x_wconf 78' lang='grc' dir='ltr'><strong><em>τῷ</em></strong></span> <span class='ocrx_word' id='word_1_269' title='bbox 762 3836 885 3922; x_wconf 79' lang='grc' dir='ltr'><strong><em>ταύτην</em></strong></span> <span class='ocrx_word' id='word_1_270' title='bbox 912 3837 1052 3909; x_wconf 88' lang='grc' dir='ltr'><strong><em>εκοιστον</em></strong></span> <span class='ocrx_word' id='word_1_271' title='bbox 1077 3835 1186 3910; x_wconf 76' lang='grc' dir='ltr'><strong><em>ἀυτῶν</em></strong></span> <span class='ocrx_word' id='word_1_272' title='bbox 1208 3834 1270 3921; x_wconf 72' lang='grc' dir='ltr'><strong><em>τὴν</em></strong></span> 
     </span>
     <span class='ocr_line' id='line_1_31' title="bbox 256 3935 1270 4034; baseline -0.003 -21"><span class='ocrx_word' id='word_1_273' title='bbox 256 3945 366 4013; x_wconf 84' lang='grc' dir='ltr'><strong><em>ἀιτίαν</em></strong></span> <span class='ocrx_word' id='word_1_274' title='bbox 388 3939 459 4026; x_wconf 78' lang='grc' dir='ltr'><strong><em>ἐξ’</em></strong></span> <span class='ocrx_word' id='word_1_275' title='bbox 441 3935 544 4012; x_wconf 81' lang='grc' dir='ltr'><strong><em>αυτοῦ</em></strong></span> <span class='ocrx_word' id='word_1_276' title='bbox 566 3937 650 4034; x_wconf 79' lang='grc' dir='ltr'><strong><em>πρὸς</em></strong></span> <span class='ocrx_word' id='word_1_277' title='bbox 671 3941 714 4010; x_wconf 86' lang='grc' dir='ltr'><strong><em>τά</em></strong></span> <span class='ocrx_word' id='word_1_278' title='bbox 736 3939 891 4032; x_wconf 85' lang='grc' dir='ltr'><strong><em>γινόμενα</em></strong></span> <span class='ocrx_word' id='word_1_279' title='bbox 914 3947 1094 4023; x_wconf 76' lang='grc' dir='ltr'><strong><em>συντελεῖν,</em></strong></span> <span class='ocrx_word' id='word_1_280' title='bbox 1116 3943 1270 4013; x_wconf 83' lang='grc' dir='ltr'><strong><em>τοιοῦτον</em></strong></span> 
     </span>
    </p>
   </div>
   <div class='ocr_carea' id='block_1_3' title="bbox 0 0 1428 4792">
    <p class='ocr_par' dir='ltr' id='par_1_3' title="bbox 0 0 1428 4792">
     <span class='ocr_line' id='line_1_32' title="bbox 0 0 1428 4792; baseline 0 0"><span class='ocrx_word' id='word_1_281' title='bbox 0 0 1428 4792; x_wconf 95' lang='lat' dir='ltr'><strong><em> </em></strong></span> 
     </span>
    </p>
   </div>
  </div>
 </body>
</html>
