2758 4790
237 431 240 440 ’
278 417 338 482 226

279 609 373 680 τερον
397 582 419 668 ἢ
423 577 581 710 όστερρν
608 580 721 663 ἀντοῖς
743 583 925 672 ἐγνωσμένα
950 580 1046 676 χείρω
1074 582 1137 652 τῶν
1163 584 1271 679 ἑτέρων

279 693 382 774 ε’ίναι·
405 680 482 768 ὥςτε
503 691 574 756 τοίν
594 681 737 756 δνοῖν”
714 710 756 754 αν
778 680 943 756 τοιούτοιν
964 679 1187 773 ἀσεβημάτων
1205 693 1273 757 θα·

189 797 191 804 ’
279 795 361 885 τέρῳ
384 786 512 870 πάντας
533 784 610 868 τοὺς
638 784 698 871 την
723 790 919 881 έιμαρμένην
946 783 1165 880 ἀναιροῦντας
1190 817 1275 884 περι·

279 897 416 963 πίπτειν.
442 887 550 962 Ἀλλά
569 887 700 959 τούτοιν
721 915 756 959 τε
777 885 914 983 έκάτερα
923 892 1102 1016 πολλαχοό
1123 885 1276 1011 ἀδύνατα,

279 1003 335 1066 καί
358 992 402 1064 τά
426 989 631 1086 μὲλλοντα’
617 985 751 1062 οίπαντα
777 994 930 1086 έίμαρταί
956 1019 991 1062 τε
995 989 1101 1076 έξ
1079 996 1199 1076 αιῶνος
1224 1001 1277 1066 καί

278 1103 434 1168 τέτακται
455 1091 499 1176 ὥς
519 1091 700 1165 δυνατόν’
680 1101 810 1179 αντοῖς,
837 1091 893 1192 ὑφ
917 1097 963 1166 ἑνί
981 1097 1047 1166 τόν
1054 1091 1199 1221 πόντων
1217 1103 1277 1188 βα-

279 1179 367 1274 σιλεέ
386 1201 447 1270 Διί
467 1192 652 1288 ταττόμενό
677 1224 713 1267 τε
740 1203 795 1268 καί
823 1191 1072 1324 ὁριζόμενα,“
1051 1225 1090 1279 ος
1111 1202 1141 1270 έι
1161 1207 1217 1270 καί
1235 1199 1279 1294 μῆ

279 1297 418 1399 ίίρισται
438 1297 541 1394 μόνος
562 1303 625 1371 τῶν
645 1297 803 1422 πάντιορ,
814 1298 915 1370 οὐκέτ
932 1298 1028 1382 όντος
1048 1327 1109 1372 τον
1131 1308 1279 1374 καὶτοῦ-

233 1481 236 1488 ,
277 1432 337 1477 τον
357 1403 399 1476 όίν
421 1401 607 1499 ὁριοῦντας·
629 1399 767 1488 (ἀπὸ
728 1429 793 1497 γαρ
816 1405 879 1474 τῶν
900 1407 1024 1475 έαντάν
1038 1400 1154 1476 ἀιτίων
1168 1403 1278 1479 ἀπόντ’

277 1509 319 1580 ἀν
339 1505 518 1604 ὁρίζεσθαι
541 1504 585 1575 τοὶ
612 1501 785 1634 όριζόμενα
813 1509 858 1591 ¹)·
890 1498 980 1597 ὅμως
1005 1509 1162 1634 κρείττων
1189 1508 1232 1582 όίν
1260 1509 1281 1597 ἢ

278 1606 356 1694 ι’όςτε
378 1607 544 1704 ὡρίσθαι,
578 1613 666 1700 μένει
694 1635 729 1680 τε
750 1606 801 1680 ἀεί
822 1615 878 1678 καί
899 1607 987 1679 κατὰ
1004 1608 1048 1680 τά
1069 1607 1160 1682 ἀντά
1181 1610 1280 1696 6966-

217 1771 219 1776 ,
276 1743 357 1800 τως,
385 1721 441 1784 καί
461 1711 520 1799 τὴν
539 1715 829 1806 μεγίστηνπασῶν
849 1707 995 1801 ἀνάγκην
1016 1719 1072 1783 καί
1093 1719 1279 1810 κρατίστην,

276 1816 380 1904 ἀντὴν
400 1814 440 1886 δι’
464 1814 567 1901 ἀυτὴν
589 1813 693 1886 όόσαν
713 1813 879 1904 ἀνάγκην,
914 1813 953 1886 06
984 1812 1024 1886 δι’
1048 1821 1162 1910 ἕτερον
1183 1818 1281 1904 ἀετός

277 1925 366 1992 ἐστιν
387 1917 406 1990 ὁ
428 1923 636 2009 κεκτημένος,
659 1915 702 1999 ὡς
722 1914 782 2002 τήν
803 1945 838 1988 τε
860 1915 1005 2008 ἀνοίμκην
1025 1923 1085 2004 τῆς
1108 1920 1170 1993 οὐκ
1184 1921 1280 2015 ἀνοίγ-

275 2051 335 2109 κης
355 2020 474 2115 ἀμείνω
496 2019 617 2146 ἀῦσαι,
652 2027 709 2090 καὶ
730 2017 820 2143 ἀντῷ
845 2018 904 2106 τὴν
929 2023 1085 2144 μεγίστοιν
1115 2024 1280 2118 ἀναγκῶν,

275 2126 384 2222 ἄκρας
404 2123 572 2220 67666'
552 2150 625 2194 οντι
644 2120 773 2216 μᾶλλόν
794 2150 827 2195 τι
839 2121 1088 2250 προςὴκονσαν.
1120 2133 1195 2202 Καὶ
1215 2137 1281 2212 τοῖς

275 2237 335 2344 γέ
332 2256 410 2301 ποτε
438 2229 600 2356 προςεχιός
630 2229 802 2349 προϊοῦσιν
830 2223 883 2298 ἀπ
913 2224 1017 2300 ἀστοῦ
1045 2227 1153 2302 τάντό
1184 2238 1280 2304 τοῦτο

275 2311 441 2461 δευτέρως
457 2327 535 2422 μεθ’
565 2326 683 2452 έριντόν
710 2334 905 2423 παρέχεται
940 2329 1046 2402 οἰκεία
1072 2329 1192 2427 Ω)μέν
1216 2335 1280 2463 μὰρ

273 2435 315 2508 ἀν
335 2435 441 2528 66616
468 2428 512 2502 τά
537 2428 590 2501 ἀπ’
620 2429 724 2502 ἀντοῢ
744 2429 908 2524 παράνοι
943 2440 998 2506 καί
1020 2435 1189 2512 ταῦτάτε
1211 2434 1279 2530 ἀμα

274 2545 330 2612 καί
351 2534 376 2607 τ’
401 2535 487 2606 ἀλλα
509 2530 593 2604 δι’
572 2532 674 2606 αυτόν
701 2532 812 2606 πάντα
838 2534 952 2628 ὁρίζει·
988 2547 1044 2610 καί
1072 2539 1175 2616 οὐδὲν
1204 2539 1279 2615 οάθ

274 2639 361 2714 όότα
382 2635 678 2778 πριμμέγεθες,
637 2664 698 2708 οντ
727 2636 771 2710 66
791 2636 877 2712 ποίνν
899 2638 1037 2736 σμικρόν
1058 2671 1169 2728 ουτως
1176 2699 1186 2732 ,
1215 2639 1280 2729 ὥστ’

276 2743 319 2816 ἀν
339 2738 443 2814 ἀστὸν
461 2738 508 2832 μὴ
528 2736 626 2826 '‘a)
610 2737 682 2812 οῖόν
695 2767 729 2812 τε
743 2745 836 2828 έῖναι,
856 2769 902 2814 τω
883 2773 967 2840 αφ
990 2773 1113 2819 εαντον
1129 2744 1201 2847 όριρ
1215 2754 1285 2874 666-

276 2851 418 2918 κέσθαι·
454 2841 586 2926 οὐδενός
613 2847 642 2930 ⁵)
666 2843 750 2974 μὰρ,
786 2839 866 2918 ότοο
894 2845 954 2918 οὐκ
982 2845 1086 2922 ἀντόν
1114 2856 1150 2922 6'
1131 2880 1205 2924 ναι
1229 2851 1284 2926 τόν

275 2944 482 3020 ἀιτιότατον.
513 2941 677 3018 ”wa
660 2975 689 3018 ει
709 2946 755 3038 μὴ
781 2943 901 3044 ίίριστο
931 2949 976 3021 τόι
1000 2957 1187 3079 μέλλρντα,
1219 2951 1285 3030 066

274 3051 317 3124 ἷίν
335 3045 612 3176 προεγινρίσκετο,
649 3049 689 3120 06
716 3048 820 3143 μόνον
845 3081 882 3144 με
911 3052 971 3147 οὐχ
998 3051 1049 3126 ὑπ’
1033 3055 1285 3185 ἀνθρώπων,

276 3152 346 3229 ἀλλ
370 3150 482 3224 066‘
465 3151 530 3224 νπό
551 3156 615 3224 τῶν
636 3153 779 3225 θεῶν
756 3181 797 3226 αν
825 3153 971 3240 οὐδενός·
1007 3157 1137 3258 οὐγὰρ
1161 3163 1286 3237 ὁῑόντε

277 3253 361 3340 όλοις
382 3260 501 3380 μνρῖσιν
522 3253 664 3381 όπρίρξαι
695 3261 754 3330 τοῦ
781 3255 887 3346 πόντη
914 3257 1092 3387 ἀορίστου·
1130 3265 1194 3339 (ίύ
1226 3268 1287 3364 γὰρ

277 3356 394 3433 066‘
377 3357 535 3454 οπότερον
564 3358 714 3446 ἀληθές,
763 3361 866 3448 662²
843 3390 884 3434 αν
916 3361 1029 3459 ὁρίσαι
1055 3378 1135 3465 περί
1168 3371 1289 3454 ἀντοό,

276 3459 402 3534 οὐθ’
379 3491 423 3544 ως
443 3463 573 3547 ἔσοιτο,
595 3461 660 3534 οὔτ’
685 3461 727 3535 ἀν
747 3462 791 3547 ὡς
812 3464 871 3538 οὐκ
893 3470 1012 3542 ἔσοιτο.
1059 3478 1187 3548 Τοίνυν
1209 3471 1289 3549 6¹
1260 3504 1290 3547 οι

276 3568 397 3638 θεοί”
379 3590 472 3636 ισασι
494 3563 600 3650 δήποτε
620 3563 664 3636 τά
684 3563 840 3659 ἐσόμενα,
875 3567 966 3667 όίπερ
995 3582 1050 3645 καί
1079 3573 1235 3671 ὁρίζουσί
1256 3607 1288 3651 τι

275 3667 379 3753 ἀντόι,
414 3676 469 3739 καὶ
498 3672 532 3739 έν
559 3671 701 3766 σφίσιν
696 3667 810 3754 ἀστοῖς
830 3675 961 3765 έχουσι,
997 3675 1157 3769 παρόντα
1179 3682 1231 3754 ἀεὶ
1251 3687 1289 3780 τῇ

276 3771 387 3898 ἀιτίρι,
422 3768 485 3866 κάν
511 3767 608 3894 6666
644 3768 738 3870 τήνγρ
770 3772 877 3868 ἀντιῖμ
903 3782 1027 3868 γένεσιν
1053 3758 1287 3882 ἀπειληφότα

276 3904 298 3960 η
328 3877 421 3946 ίσασί
447 3901 497 3955 τε
511 3873 583 3944 οόκ
578 3874 768 3963 ἀλλως,’
754 3877 842 3975 ητῷ
864 3883 1057 3954 διατιθέναι
1083 3913 1122 3958 τε
1152 3899 1211 3967 καὶ
1240 3888 1289 3962 66-

277 4004 345 4048 τιοι
367 3981 450 4049 ε’ίναι
471 3975 593 4050 ἀντῶν·
626 3976 665 4050 οὐ
686 3979 751 4074 γὰρ
773 3977 881 4079 ἀντῷ
902 3986 1135 4062 ἀνατίθεσθαί
1156 4020 1204 4080 πη
1225 3990 1287 4064 όπό
