2782 4790
965 359 969 368 “
1062 343 1121 410 151

121 538 216 582 eausa
237 517 308 580 talis
335 529 382 580 est
403 517 469 580 eius
493 515 629 592 ordinis,
670 515 732 598 qui·
745 517 913 580 sccundmn
937 517 1044 578 cadem
1066 515 1121 578 sit:

121 624 175 686 Ab
201 621 267 683 hoc
299 620 380 684 enim
412 641 537 704 semper
567 619 650 683 vitae
683 632 714 682 et
746 617 881 683 vitarum
914 617 1119 682 discessiones

119 725 219 801 fiunt,
243 723 305 788 nisi
324 723 473 806 impedita
495 726 534 788 ab
558 723 664 807 aliquo
687 721 739 786 sit.
784 721 936 786 Videmus
953 722 1033 798 enim
1048 742 1122 785 cors

120 851 199 912 pus,
226 830 312 910 quod
333 827 394 890 tale
417 828 467 916 vel
489 828 551 891 tale
573 849 614 890 ex
636 838 747 900 natura
768 824 825 903 sit,
863 825 895 889 in
916 827 1048 889 morbos
1071 846 1124 886 ca·

122 934 216 1010 dere,
242 930 325 994 etin
347 930 588 1012 corruptiones,
613 929 711 1014 qualis
735 943 789 993 cst·
803 930 950 994 naturalis
971 928 1122 992 constitu-

121 1035 193 1110 ti03
223 1055 288 1097 non
310 1045 414 1096 tamen
437 1055 478 1095 ex
498 1033 696 1096 necessitate.
747 1034 887 1096 Possunt
909 1032 990 1096 enim
1011 1031 1123 1094 tollere

121 1140 208 1202 bunc
230 1136 391 1212 ordinem,
423 1148 489 1198 tum
508 1135 705 1212 curationes,
741 1149 807 1199 tum
824 1137 906 1201 ae'ris
922 1135 1125 1208 mutationes,

122 1253 155 1306 et
176 1241 263 1304 iussa
285 1240 496 1316 medicorum,
533 1250 563 1302 et
585 1240 830 1304 consultationes
853 1241 1008 1304 Deorum.
1054 1239 1124 1301 Eo·

122 1347 194 1407 dem
228 1356 331 1406 autem
363 1346 460 1407 modo
488 1343 522 1406 in
551 1341 651 1412 anima
680 1365 808 1427 quoque
839 1343 980 1406 invenire
1015 1338 1123 1422 aliquis

121 1459 232 1530 potest
252 1459 380 1528 praeter
405 1447 578 1512 naturalem
607 1434 809 1530 apparatum,
849 1446 1027 1511 differentes
1055 1442 1124 1505 fieri

122 1563 155 1616 et
181 1550 321 1614 actiones
351 1563 383 1612 ct
411 1549 579 1614 electiones
609 1563 639 1613 ct
668 1551 760 1614 vitas.
804 1551 883 1614 Mos
912 1548 993 1611 enim
1021 1546 1125 1610 homi·

121 1675 216 1732 num,
240 1666 276 1715 ut
296 1652 398 1738 inquit
419 1653 618 1730 Heraclitus,
643 1654 731 1717 Deus
755 1667 819 1732 est,
843 1656 906 1716 hoc
928 1663 974 1714 est
990 1652 1124 1718 Natum.

122 1759 230 1838 Quam
251 1756 429 1838 saepissime
452 1757 532 1820 enim
561 1749 757 1820 naturaliter
773 1755 1066 1839 praeparationibus
1095 1765 1127 1815 et

123 1858 386 1943 dispositionibus
420 1860 558 1924 actiones
592 1881 720 1944 quoquc
753 1871 784 1922 et
812 1859 892 1922 vitas
926 1871 957 1922 et
990 1857 1125 1926 vitarum

122 1963 315 2027 mutationes
337 1963 452 2026 similes
475 1983 542 2026 esse
565 1961 731 2048 contingit.
775 1961 966 2026 Rixatorum
984 1961 1064 2024 enim
1095 1973 1127 2022 et

124 2066 307 2143 audacium,
332 2066 474 2130 uiolenta
494 2068 647 2150 quaedam
669 2087 755 2128 mors
777 2078 825 2128 est
846 2089 916 2133 cum
938 2066 1126 2146 plurimum:

124 2172 190 2238 hoc
211 2170 292 2232 enim
315 2182 362 2232 est
379 2171 492 2232 Fatum
514 2180 544 2232 et
557 2181 668 2232 natura
688 2169 848 2250 ipsorum:
886 2168 1125 2249 Intemperantia

125 2286 230 2336 autem
252 2285 284 2336 et
306 2273 521 2355 voluptatibus
547 2268 644 2336 dediti
671 2293 757 2336 mors
787 2286 834 2335 est
865 2272 896 2336 iu
924 2272 1128 2335 immoderata

124 2377 381 2459 intemperantia:
405 2375 512 2440 Fortis
528 2390 558 2440 et
572 2363 717 2460 patieutis
733 2365 967 2458 mors'propter
981 2375 1127 2435 laborum

126 2479 159 2545 et
182 2502 402 2544 aerumnarum
424 2479 644 2542 tolerantiam:
665 2480 779 2552 ‚Avari
800 2491 830 2540 et
852 2476 970 2540 sordidi
992 2487 1128 2557 propter-

125 2585 254 2651 nimium
276 2584 411 2648 studium
434 2595 465 2646 et
487 2582 609 2646 anxiam
631 2603 738 2645 curam
759 2580 807 2643 rei
820 2577 1022 2642 indifferentis
1051 2580 1127 2659 (hoo
1187 2620 1192 2626 --

126 2700 176 2752 est
191 2688 382 2766 divitiarum)
397 2698 463 2748 tum
479 2685 551 2770 quia
565 2684 670 2748 iniusti
680 2696 763 2759 sunt,
781 2695 812 2745 et
826 2704 860 2745 se
874 2682 934 2764 ipsi
948 2680 1124 2766 negligunt,

125 2805 159 2857 et
180 2812 277 2874 supra
298 2791 382 2857 vires
404 2792 562 2852 laborant.
619 2788 729 2868 Quare
755 2789 792 2848 de
825 2787 861 2849 iis
892 2770 995 2852 dicere
1024 2785 1130 2863 solent

126 2899 230 2978 ipsos¹
261 2893 321 2958 sibi
358 2893 469 2980 mortis
507 2911 630 2954 calisam
663 2889 857 2971 praebuisse.
917 2887 998 2952 Cum
1030 2888 1128 2972 igitur

128 2998 284 3062 eiusmodi
305 2997 345 3059 sit
367 2999 457 3079 quod
476 2996 645 3058 secundum
667 2993 781 3054 Fatum
803 3003 870 3067 cst,
904 3013 1006 3074 neque
1029 3004 1128 3055 artem

127 3101 319 3167 vaticinandi
351 3099 488 3163 inutilem
517 3117 586 3186 esse
615 3095 773 3170 dicemus,
813 3114 892 3176 quae
914 3095 1014 3156 adhuc
1035 3115 1128 3176 prae·

129 3207 215 3268 videt
237 3205 270 3268 id
292 3204 378 3286 quod
399 3200 582 3264 naturaliter
603 3199 743 3262 futurum
772 3207 836 3271 est,
877 3207 907 3258 et
940 3217 1032 3276 opem
1065 3198 1129 3258 fert

130 3330 227 3392 quum
250 3305 414 3372 consilium
436 3307 505 3379 dat,
545 3317 575 3366 et
603 3301 690 3366 iubet
711 3311 840 3366 naturae
864 3297 1027 3360 deterioris
1051 3311 1128 3360 oonss
1203 3305 1207 3312 “

130 3410 286 3476 secutioni
309 3406 490 3472 adversari:
515 3406 590 3488 quin
611 3425 713 3490 neque
735 3413 847 3467 natura
868 3399 1014 3470 sentimas
1036 3392 1143 3464 tolles¹

129 3529 199 3590 tur,
239 3516 295 3576 sed
326 3512 433 3578 habitu
462 3504 656 3594 quiarundam
685 3527 847 3572 causarum
881 3502 1027 3569 coincidit
1058 3495 1152 3566 cnm¹

131 3620 168 3684 iis
192 3639 272 3701 quae
295 3617 373 3678 fimat
396 3637 442 3678 'cx
463 3611 646 3695 proposito.
691 3611 799 3674 Multo
822 3609 903 3672 enim
925 3607 1023 3691 magis
1043 3609 1128 3670 Deus

132 3735 163 3786 et
187 3723 252 3784 cius
276 3719 410 3794 arixilia,
451 3729 481 3780 et
509 3727 636 3780 nostrae
657 3733 767 3795 preces
791 3711 1031 3796 adrogationes
1053 3731 1129 3792 pro-

131 3826 236 3908 prium
264 3827 369 3887 locum
399 3823 591 3892 servabunt,
639 3816 707 3879 cim]
736 3815 887 3880 eiusmodi
920 3814 958 3878 sit
986 3813 1130 3894 id-quod

134 3933 223 3995 Fato
246 3929 292 3992 fu.
318 3924 517 3990 «Conveniet
550 3923 640 3989 etiam
669 3937 739 3990 eum
767 3919 814 3982 his
837 3919 868 3984 id
891 3920 977 4002 quod
999 3916 1128 3988 dicium
