2758 4790
277 394 340 459 230

275 560 354 643 τοῦς
385 557 527 642 κακοῦς,
568 587 589 642 η
617 551 677 629 οῦκ
712 557 747 624 έν
778 553 851 652 δίκη
880 547 1100 639 κολαζόντων,
1148 550 1270 642 έίγεδὴ

276 662 403 760 ἀνάγκη
433 668 466 732 οἱ
490 665 585 733 κακοὶ
606 659 713 729 κακοί.
764 627 872 727 Λλλίι
898 655 977 740 τοῦς
1000 665 1060 748 μέν
1081 653 1274 781 ἀνθρώπους

276 768 409 861 κυρίους
437 763 479 833 ἂν
505 765 630 832 ἑαυτῶν
664 766 765 830 έῐναι
779 757 818 830 οῦ
849 761 896 855 τῷ
925 759 973 850 μὴ
1003 757 1055 830 ὑπ’
1085 756 1256 882 οῦδφὸς’
1237 783 1273 827 αν

276 864 476 962 τοπαράπαν
506 863 698 958 ἄρχεσθαι,
732 858 779 952 μή
810 866 932 934 τετοῦ
959 861 1080 947 ἄλλον,
1114 857 1160 950 μή
1188 859 1213 930 τ’
1238 859 1276 929 δν

276 969 393 1042 άυτῦν
410 970 473 1040 τιῦν
501 969 622 1050 θεῶν,
641 962 730 1034 άλλά
757 967 805 1061 τῷ
836 966 918 1055 ἔχειν
945 971 1062 1057 μένει
1093 966 1169 1035 έν“
1154 967 1277 1042 εαυτοῖς

274 1072 395 1168 ἄρχον,
427 1069 467 1142 τὸ
492 1071 655 1165 φρονοῦν,
683 1065 721 1138 τὸ
750 1065 1111 1200 δὲπολῦάργόμενσν·
1143 1067 1276 1138 καὶτοῦ

274 1177 401 1246 πολλοῦ
418 1169 538 1244 τούτου
558 1167 611 1256 ἓν,
641 1168 680 1240 τὸ
696 1173 845 1296 φρονοῦν
862 1197 897 1242 τε
914 1177 971 1240 καὶ
992 1167 1092 1268 φάσει
1112 1174 1279 1270 βέλτιστον

276 1281 341 1348 τῶν
366 1274 545 1402 ἡμετέρων
554 1270 670 1398 κύριον
690 1271 733 1344 άν
756 1277 850 1344 έῖναι.
893 1269 997 1344 ’Ama
1018 1278 1054 1346 δὲ
1078 1271 1174 1358 δὴ
1139 1299 1180 1342 το
1199 1297 1277 1368 φρο-

274 1384 353 1452 νοῦν
379 1375 423 1460 ὡς
445 1374 558 1448 οῦκέτ
576 1375 618 1446 ἂν
640 1375 778 1470 άρχοιτο
806 1374 857 1446 ὑπ’
889 1374 1038 1462 σῦδενὸς,
1075 1374 1138 1448 οῦκ
1169 1373 1211 1447 άν
1238 1375 1281 1457 ἒίη

276 1487 386 1552 εἰπεῖν.
418 1479 557 1555 Ἔπειτα
578 1476 667 1551 έι
625 1507 671 1570 μν
697 1475 849 1561 ὧςαῦτως
865 1473 990 1552 άπαοιν
1010 1476 1226 1575 ἀνθρώποις,
1245 1476 1280 1546 τὸ

275 1587 424 1680 φρονοῦν
446 1586 562 1667 τοῦτο,
597 1580 663 1654 ὑπὸ
687 1585 751 1654 τῶν
775 1580 883 1654 ἀυτῶν
906 1580 1113 1678 πραγμάτων
1133 1584 1282 1680 φαίνεται
1332 1609 1334 1618 ’

276 1690 535 1777 διατιθέμενον,
583 1682 643 1756 οῦκ
674 1683 716 1756 άν
752 1682 868 1780 ὀρθῶς
896 1712 948 1768 τις
982 1683 1120 1773 οἰηθείη
1151 1680 1227 1777 μηδ’
1255 1684 1284 1768 ἐξ

278 1786 424 1879 ἀνάγκης
444 1787 487 1860 ἂν
506 1791 653 1860 ἔπεσθαι
676 1795 746 1871 τοῖς
764 1785 948 1882 πράγμασι.
992 1791 1105 1874 Δῆλον
1126 1785 1195 1884 γάρ
1219 1790 1283 1858 ἐστι

277 1896 378 1964 τοῦτο
405 1896 589 2020 συμβαῖνον
614 1888 708 1986 παρά
731 1918 766 1962 τε
799 1891 860 1977 τὴν
880 1891 968 1964 ἰδίαν
992 1889 1100 1964 άυτοῦ
1122 1895 1185 1963 τοῦ
1206 1915 1286 1988 φρο-

277 2000 413 2078 νοῦντος
427 1991 581 2066 ἑκάστοτε
602 1992 721 2091 φῦσιν,
742 1992 836 2089 παρά
853 2022 887 2066 τε
901 1995 961 2082 τὴν
975 1995 1130 2081 ἄσκησιν.
1178 1989 1285 2065 Ταυτό

277 2095 386 2194 γδρ“
369 2101 508 2183 ο,τιοῦν,
536 2100 663 2223 πλείοσι
680 2107 760 2190 μέν,
788 2104 987 2194 διαφέρουσι
1008 2104 1045 2170 δέ
1064 2128 1113 2184 πη
1130 2093 1287 2216 ἀλλήλων,

278 2204 500 2296 προςπίπτον,
546 2193 623 2282 άςτε
654 2198 796 2287 δράσον,
842 2198 1049 2297 διαφέροντά
1078 2229 1136 2274 τοι
1165 2203 1223 2271 καί
1248 2195 1288 2269 τὰ

277 2301 472 2394 παθήματα
492 2300 559 2388 ἐξ
538 2300 683 2392 ανάγκης
704 2300 942 2398 ἀπεργάσεται·
950 2310 1148 2429 διαφέρειν
1166 2301 1233 2399 γάρ
1253 2297 1291 2372 άν

276 2405 317 2477 τὸ
338 2414 474 2501 φρονεῖν
505 2409 604 2477 τοῦτο
634 2403 804 2491 ἑκάστοις,
839 2414 896 2478 καλ
923 2406 985 2494 τὴν
1012 2406 1120 2504 φῦσιν
1126 2413 1209 2478 καί
1234 2402 1290 2489 τὴν

279 2506 438 2594 ἄσκησιν,
466 2517 523 2580 καί
541 2513 600 2594 τῆς
618 2517 680 2600 μέν
702 2506 832 2632 φῦσεφς
853 2509 931 2592 τοῦς
946 2509 1054 2592 θεοὺς
1074 2518 1142 2600 μὲν
1162 2510 1292 2638 κυρίους

278 2613 379 2696 ἕίναι,
417 2615 477 2697 τῆς
504 2609 588 2682 δὲ
567 2609 735 2697 ασκὴσεως
762 2610 822 2697 τὴν
851 2615 912 2686 τοῦ
942 2610 1114 2740 σἰσκητέμς
1151 2609 1229 2698 ⁶)
1212 2617 1291 2681 εἶναι

277 2710 399 2800 δόξαν,
434 2719 598 2808 προτέραν
623 2741 669 2810 τρ
698 2711 990 2839 ἐγγενομένην,“
966 2741 1009 2800 ην
1044 2713 1089 2787 άν.
1123 2712 1294 2807 ἀμήχανα

278 2814 321 2888 ῦν
344 2817 374 2900 7)
395 2820 480 2888 έίναι
499 2785 736 2907 ἐγγενέσθαι
718 2820 860 2916 οτφοῦν,
886 2847 933 2910 μη
954 2844 995 2889 ου
978 2821 1106 2892 θεοῦ
1119 2841 1294 2914 παραπη-

279 2944 410 3000 σαντος.
451 2922 600 3046 Κυρίους
618 2918 717 3012 μέν’
700 2924 760 2992 οῦν
775 2919 818 2992 ἂν
838 2924 963 2992 ἑαυτῶν
985 2921 1064 3004 τοῦς
1085 2918 1295 3017 ἀνθρώπους

279 3024 382 3106 ε’ίναι,
402 3020 525 3094 ιιοιδΗ
513 3016 594 3094 σ’σον
612 3051 680 3094 που
697 3022 857 3119 άρχουσιν
877 3021 1001 3109 ἆυτῦν,
1022 3024 1088 3121 κρίν
1115 3021 1296 3154 ἀρχόμενοι

279 3121 443 3217 τ’ίρχυισιν,
478 3128 678 3219 ἐλευθέρους
709 3130 791 3196 δὲ’
774 3127 857 3198 εἶναί
882 3153 917 3198 τε
944 3149 1027 3249 πμς
1036 3133 1097 3198 καὶ
1125 3127 1177 3220 μὴ
1207 3131 1297 3197 ε’ἴναι.

274 3223 325 3297 'Ec
352 3225 504 3322 μὲνγὰρ
537 3230 732 3324 ἐλευθερίαν
763 3235 813 3310 τίς
842 3226 903 3313 τὴν
933 3257 980 3319 μη
1007 3225 1165 3320 άνάγκηυ
1189 3233 1298 3312 καλεῖ,

279 3327 340 3400 οῦκ
368 3328 410 3406 ίιυ
434 3328 551 3425 ὀρθῶς
561 3335 726 3455 φαίνοιτο
754 3334 883 3416 καλῶν,
914 3327 1145 3422 άναγκάζοιτο
1171 3332 1241 3428 γάρ
1261 3328 1299 3400 ἂν

277 3435 430 3504 δουλείαν
461 3461 520 3520 την
551 3431 696 3524 άνάγκην
727 3439 848 3506 καλειν.
909 3437 964 3560 Τῇ
995 3438 1032 3505 δὲ
1062 3439 1214 3532 δουλείᾳ
1247 3437 1302 3504 καί

277 3538 469 3608 δεσποτείαν
492 3533 598 3620 δήπου
622 3539 706 3608 έίναί
723 3562 798 3608 τινα
818 3541 883 3622 δει,
903 3566 925 3634 η
909 3527 1140 3624 δουλεύσει,
1163 3507 1299 3610 δίιυλεία

278 3633 380 3710 ῦῦσα·
414 3643 456 3736 τῇ
476 3636 535 3710 ὀῦν
559 3636 813 3766 πρεφβυτάτη”
792 3635 936 3763 ανάγκη,
967 3635 1072 3710 καλ“
1048 3670 1070 3725 η
1089 3639 1193 3765 μόνη
1213 3636 1299 3724 άυτῆ

276 3737 318 3812 δι
355 3739 459 3827 άυτην
489 3738 675 3831 άναγκαίιις
709 3745 793 3834 ἔχει,
828 3742 873 3813 τά
903 3738 932 3814 δ
965 3741 1100 3812 ἄλλοτ’
1082 3739 1231 3816 άπαντα
1258 3741 1298 3812 δι’

272 3845 415 3980 ἐκείνην,
437 3840 478 3928 ἢν
495 3841 653 3933 τάγαθόν
672 3872 707 3916 τε
728 3843 812 3917 άοτὸ
831 3851 887 3918 καὶ
907 3844 967 3917 τὸν
993 3849 1057 3920 Δία
1089 3858 1230 3944 φαμὲν,
1253 3849 1300 3926 τίς

272 3951 356 4018 ποτι
381 3949 475 4018 ἔσται
495 3941 726 4036 δεσποτεία,
704 3977 725 4046 η
747 3947 787 4021 οῦ
809 3947 999 4040 δουλεύσει·
1025 3949 1065 4022 οῦ
1089 3949 1164 4047 γάρ
1188 3976 1296 4033 πουυ
