2758 4790
1049 365 1109 442 185

110 550 173 618 citu
192 563 223 618 et
243 572 398 636 percussu
418 563 512 637 atque
530 548 613 616 inter
630 571 664 614 se
686 548 874 614 cohaesione
894 547 998 612 omnia
1019 548 1108 622 aiunt
1145 591 1149 594 -

107 656 211 745 sicse
227 657 365 736 hahere,
388 667 421 720 et
438 655 527 734 fieri,
550 667 649 740 prout
673 651 727 718 illa
748 650 940 730 coaluerint,
964 673 1006 716 ex
1027 671 1066 714 eo
1081 659 1114 714 et
1171 725 1174 738 Ι

111 781 207 848 agere
237 771 270 826 et
294 759 377 842 pati,
413 758 487 844 quin
516 771 548 822 ct
574 770 699 823 nostras
725 779 766 822 ex
788 756 929 839 appetitu
954 757 1110 823 motiones

110 877 142 930 et
167 862 409 938 constitutiones
437 861 530 926 animi
550 861 682 944 perinde
705 883 738 926 se
760 861 878 924 habere
902 875 937 926 ut
959 861 1020 940 illa}
1036 861 1113 924 affe-

109 967 471 1045 cerint,“necessitaten1
491 968 573 1030 hane
595 977 626 1028 et
651 987 731 1049 quae
752 965 825 1028 inde
848 965 1052 1050 consequitur
1074 969 1113 1030 ad

32 1135 35 1142 ,
108 1093 161 1152 res
194 1093 303 1152 omnes
329 1072 535 1162 protendunt.
595 1071 692 1151 Quod
726 1070 753 1134 si
781 1070 850 1154 quis
880 1070 939 1134 alia
976 1090 1115 1151 corpora

111 1187 230 1242 statuat
252 1197 320 1240 esse
337 1174 514 1258 principia,
542 1177 625 1237 unde
649 1175 870 1251 fiantomnia,
903 1173 985 1237 idem
1011 1173 1115 1237 omnia

109 1280 219 1362 statuit
243 1279 394 1342 subiecta‘
408 1279 517 1343 fluenti
539 1279 612 1343 inde
638 1279 830 1342 necessitati.
876 1277 939 1359 Qui
969 1298 1049 1340 vero
1076 1277 1134 1338 ad'

110 1383 300 1467 principium
323 1382 451 1446 veniunt
475 1382 632 1460 universi,
668 1383 761 1448 etiarn
782 1384 815 1447 hi
832 1385 872 1448 ab
891 1375 931 1448 eo
955 1385 1113 1446 deducunt
1161 1439 1166 1450 .

112 1487 242 1564 omnia,
267 1485 404 1549 dicentes
423 1508 490 1550 eam
512 1507 580 1563 esse
602 1509 727 1578 causam
753 1509 834 1572 quiae
851 1509 910 1571 per
932 1477 1036 1551 onmia
1057 1509 1115 1569 pe·

110 1602 234 1667 netrat,
271 1590 353 1654 hanc
388 1611 458 1654 esse
489 1589 613 1654 unicam
644 1614 725 1675 quae
752 1603 865 1656 cuncta
895 1613 961 1656 non
987 1601 1115 1654 moveat
1140 1627 1145 1640 ι

110 1706 252 1770 tanturn,
293 1696 400 1757 sedet
421 1693 554 1771 efficiat,
588 1695 682 1758 hanc¹
695 1717 763 1758 esse
789 1695 926 1758 dicentes
945 1695 1059 1758 Fatum
1085 1703 1117 1756 et

112 1819 239 1862 causam
250 1796 383 1879 proprie
397 1797 520 1874 dictam,
541 1820 621 1881 quae
637 1799 741 1863 omnia
756 1798 867 1862 efficiat
881 1811 917 1860 ut
932 1797 1037 1862 omnia
1049 1817 1115 1860 non

112 1903 210 1965 modo
234 1913 355 1963 caetera
379 1923 458 1984 quae
479 1902 579 1979 fiunt,
615 1905 723 1966 sedet
752 1902 960 1988 cogitationes
987 1914 1116 1964 nostrae

113 2004 274 2086 exipsius
297 2004 488 2068 motionibus
510 2008 703 2086 procedant,
741 2007 833 2088 plane
856 2005 946 2088 quasi
971 2006 1113 2067 membra
1194 2011 1199 2022 “

113 2106 300 2188 animantis,
324 2094 461 2190 quorum
483 2107 606 2192 singula
626 2130 692 2172 non
713 2121 881 2172 moventur
907 2131 948 2171 ex
973 2128 1026 2185 se,
1062 2109 1117 2170 sed

113 2233 157 2276 ex
179 2233 219 2274 eo
245 2213 331 2296 quod
353 2211 387 2273 in
414 2233 541 2295 quoque
570 2211 724 2275 animante
748 2211 923 2295 principale
947 2223 1006 2273 cst.
1050 2209 1117 2274 Alii

108 2314 196 2378 'vero
223 2314 498 2379 circumactionem
525 2315 665 2380 universi
697 2329 777 2400 quae
804 2337 864 2379 nos
897 2313 1118 2396 complectitur

115 2418 224 2482 dicunt
256 2439 311 2480 sua
342 2419 482 2482 motione
514 2442 639 2482 causam
671 2441 739 2482 esse
775 2405 842 2482 cur¹
869 2409 1115 2502 fiant'singula,

114 2521 273 2604 fidemque
290 2522 441 2584 habentes
462 2523 621 2584 stellarum
643 2535 708 2586 turn
727 2522 925 2608 vagantium,
952 2517 1030 2582 ¹turn
1055 2532 1117 2582 sta-

113 2615 225 2688 biliunt
251 2624 364 2686 mutuis
392 2625 475 2688 inter
497 2647 531 2688 se
555 2626 768 2690 habitibuset
789 2623 1049 2710 figurationibus,
1075 2625 1118 2686 ob

116 2749 249 2812 eaquae
266 2727 337 2790 inde
353 2711 492 2809 praedici
510 2730 613 2793 solent
631 2731 769 2793 inferunt
787 2729 909 2814 singada
924 2726 1005 2790 fieri.
1040 2727 1119 2788 Inde

116 2853 186 2896 esse
212 2833 299 2914 quod
313 2853 436 2926 *causae
460 2832 541 2894 inter
567 2855 601 2896 se
628 2822 874 2915 complicentur,
908 2831 979 2894 inde
1005 2851 1120 2892 nexum

118 2933 304 3028 asrrmntis,
330 2946 360 2997 et
384 2938 470 3018 quod
491 2957 533 2998 ex
552 2937 712 3018 prioribus
735 2937 914 3018 posteriora
936 2946 1117 3017 sequantur,

119 3049 151 3102 ct
173 3039 212 3100 ad
229 3057 266 3100 ea
291 3039 440 3114 redeant,
475 3041 557 3101 unde
582 3039 749 3103 laetasint
770 3052 801 3102 et
825 3037 891 3100 sine
913 3038 1026 3120 quibus
1055 3058 1120 3100 non

119 3140 314 3216 extitissent,
346 3152 377 3203 et
403 3141 446 3204 ita
468 3142 610 3205 'subiecta
635 3142 696 3206 sint
724 3139 988 3206 antecedentibus
1007 3160 1119 3201 conse-

119 3229 258 3327 quentia.
316 3245 408 3310 Haee
438 3245 492 3328 qui
523 3245 622 3323 dicat,
661 3268 731 3310 enm
764 3257 896 3328 apparet
929 3242 993 3331 alio
1023 3242 1120 3304 modo
1193 3311 1195 3318 p

118 3349 234 3420 Fatum
259 3345 418 3410 inducere.
464 3347 577 3411 Sedet
603 3351 662 3412 hos
682 3349 735 3432 qui
754 3349 786 3412 in
805 3352 880 3410 diras
907 3336 1022 3408 classes
1045 3365 1120 3424 par·

118 3451 215 3534 tietur
237 3472 254 3512 a
276 3471 354 3515 vero
379 3472 445 3514 non
467 3452 644 3534 aberrabit,
682 3454 762 3516 Natu
787 3452 838 3514 alii
859 3453 898 3513 ab
924 3449 990 3512 uno
1015 3445 1120 3510 omnia

118 3554 334 3636 suspendunt,
359 3553 410 3618 alii
431 3575 494 3618 non
515 3552 615 3617 item(
644 3556 695 3620 De
719 3556 768 3618 his
793 3557 915 3620 dicetur
943 3575 1001 3619 suo
1029 3554 1120 3618 loco·

119 3660 216 3732 Nunc
238 3677 317 3720 vero
335 3678 440 3722 sermo
467 3657 646 3740 adprimus
667 3660 739 3724 illos
761 3660 864 3724 redire
886 3661 997 3736 debet,
1028 3672 1063 3724 ut
1082 3661 1119 3721 de

120 3759 256 3826 caeteris
276 3782 334 3826 suo
358 3761 467 3826 ordine
491 3761 661 3826 videamus.
