2758 4790
593 751 745 821 Summa
779 751 965 839 Capitum

322 831 324 838 ¹
439 858 1109 973 Pocrinium-unco

394 1076 472 1155 ‚OEx
500 1079 625 1134 editione
642 1083 781 1146 ,Marsiltt
806 1085 898 1138 Fictor·
925 1039 1017 1159 ,basil
1045 1085 1149 1154 1580.)

274 1401 306 1464 Ι.
348 1397 424 1464 Alia
444 1409 539 1476 sunt,
577 1397 638 1464 alia
658 1397 756 1473 ,fiune
812 1399 901 1482 Quae
922 1389 1042 1464 fiunt'a
1062 1422 1156 1465 causa
1176 1399 1265 1464 fiunt:

359 1525 396 1566 ac
416 1515 544 1586 praeter
565 1501 891 1590 causas—propinquas
913 1525 1007 1588 saepe
1018 1505 1208 1582 ¹remotiores
1220 1503 1266 1584 ,iu-

358 1605 516 1690 vestigane
542 1605 771 1688 compellimur.
963 1683 965 1688 Ι

225 1771 228 1778 n
274 1710 323 1774 II.
367 1708 451 1791 Quia
472 1727 583 1771 causae
612 1728 707 1791 saepe
736 1730 753 1771 e
779 1708 963 1794 propinquo
980 1709 1180 1788 ,sufficientes
1210 1731 1267 1774 uon

359 1825 448 1888 sunt,
486 1811 559 1876 ideo
581 1810 762 1895 superiores
791 1833 902 1877 causae
922 1812 1128 1898 indagando.
1184 1813 1267 1878 Unde

358 1915 497 1981 naseimr
519 1913 627 1998 opinio
651 1917 689 1980 de
711 1915 795 1980 Fato
816 1915 848 1978 in
871 1927 1008 2000 mutuor
1032 1915 1200 1984 sententias
1227 1915 1267 1980 di·

357 2020 505 2086 atributa.

168 2178 173 2184 .
273 2125 340 2190 111.
384 2125 497 2207 Neque
526 2123 601 2209 cogi
632 2143 734 2207 neque
765 2121 835 2186 fieri
870 2145 889 2186 a
922 2122 1114 2206 corporibus
1152 2121 1266 2195 omuia3

358 2247 460 2310 neque
482 2225 613 2304 Fatum,
643 2247 746 2309 neque
766 2225 967 2311 praesagium
986 2226 1060 2291 fore
1083 2226 1216 2312 aliquid,
1244 2222 1267 2287 si

357 2327 513 2414 principia
534 2350 641 2392 rerum
661 2328 779 2392 fuerint
801 2328 1027 2415 contingentia.

273 2435 339 2501 lv.
382 2435 457 2496 Non
480 2453 550 2496 esse
569 2431 601 2496 in
622 2431 773 2496 universe
794 2443 914 2496 tautum
935 2419 1164 2521 unum'ageus.

273 2538 321 2602 V.
364 2538 477 2620 Neque
499 2557 558 2600 nos
581 2557 598 2598 a
621 2536 710 2600 caelo
732 2535 927 2618 (sideribus)
948 2537 1036 2622 regi,
1075 2559 1180 2622 neque
1204 2555 1268 2602 cae·

354 2653 424 2704 tera
444 2661 463 2702 a
484 2641 573 2702 eaelo
594 2648 714 2702 tantum
736 2651 767 2701 et
788 2639 967 2704 neeessari0
988 2639 1073 2704 fieri.
1186 2657 1189 2664 '

272 2745 337 2808 V1.
383 2743 514 2827 Singula
534 2740 588 2806 hic
609 2763 628 2804 a
648 2741 766 2804 natiuis
789 2742 930 2826 propriis
952 2742 1053 2828 magis
1076 2766 1171 2828 marn
1186 2741 1267 2806 eaelo

354 2845 519 2928 propriam
554 2843 586 2908 in
623 2844 837 2930 generatione.
870 2845 1026 2930 accipiunt
1073 2847 1264 2931 qualitatem,

347 2947 497 3033 'quomis
519 2969 538 3010 a
558 2947 647 3013 caelo
669 2947 898 3034 significentur.

272 3052 356 3118 vll.
401 3050 465 3132 Qui
485 3051 692 3114 necessariam
714 3071 819 3114 rerum
841 3052 954 3114 seriem
974 3051 1203 3128 introducunt,
1223 3049 1267 3113 in·

356 3154 544 3218 evitabiliter
565 3153 689 3238 singula
709 3164 930 3238 peragentem,
968 3155 1117 3220 auferunt
1138 3153 1265 3238 tmuiu-

354 3257 435 3320 Iimis
459 3256 722 3342 contingentiam,
752 3267 819 3318 tum
841 3255 972 3320 consilio
994 3257 1187 3322 libertatem.

271 3362 373 3426 VIII.
419 3361 590 3442 Quomodo
620 3358 721 3424 anima
746 3358 786 3421 sit
814 3360 923 3422 subter
945 3359 1077 3437 Fatum,
1116 3361 1149 3424 in
1172 3361 1264 3434 Fato,

355 3465 413 3528 sub
436 3465 531 3528 Fato.

272 3570 337 3634 lx.
382 3568 555 3650 Quomodo
578 3565 678 3630 anima
699 3564 730 3628 in
752 3565 834 3630 Fato
863 3565 920 3644 sit,
957 3578 992 3630 ut
1019 3588 1131 3652 agens.
1189 3569 1264 3632 Item

356 3673 394 3734 de
417 3669 630 3756 contingentia
651 3690 769 3732 rerum.
994 3675 995 3680 ’
1021 3753 1025 3758 .

267 3775 313 3840 X.
358 3775 480 3838 Natura
501 3771 715 3837 intellectualis
739 3771 804 3856 agit
825 3771 942 3851 libere,
966 3777 1022 3838 sed
1044 3773 1112 3840 eius
1135 3775 1261 3839 effectus

355 3877 521 3962 aliquando
544 3875 711 3961 impeditur
731 3875 765 3938 in
785 3873 919 3946 ratione.

592 4035 951 4062 m
