2828 4792
240 415 307 457 ‚vm
339 379 350 452 .'

128 591 130 598 ’
238 567 386 641 Ioanne
410 562 690 655 Schulthessio‚
733 562 904 650 Doctore
939 562 1174 662 Theologiae
1206 577 1244 640 et

236 684 435 760 literarum
479 707 671 755 sacrarum
713 681 755 758 in
796 683 1003 783 Gymnasio
1044 682 1245 760 Turicensi

238 802 463 892 Professore.
1184 789 1188 795 ¹

313 921 386 994 His
412 921 542 1020 itaque
566 921 763 1021 praesidiis
793 948 862 998 uso
893 923 1004 998 licuit
1028 923 1125 999 mihi
1155 951 1249 1030 cum¹

238 1043 393 1118 lacunas
416 1041 600 1141 quasdam
613 1042 837 1119 'editionum
855 1044 1029 1144 priorum
1046 1047 1244 1146 supplere,

238 1159 482 1240 tumueram
518 1172 556 1235 et
585 1161 793 1262 genuinam
818 1163 984 1238 auctoris
1017 1164 1247 1264 scripturam

237 1281 280 1355 in
300 1279 396 1353 locis
417 1281 523 1356 haud
546 1280 677 1380 paucis
703 1306 903 1375 revocare,
932 1311 1165 1382 quamquam
1189 1268 1245 1358 re-

237 1411 379 1475 starent
403 1402 490 1472 loca
511 1401 700 1478 nonnulla
719 1400 969 1500 corruptiora,
997 1428 1096 1500 quae
1119 1403 1247 1477 etiam-

238 1546 336 1594 num
374 1517 578 1592 meliorum
623 1517 815 1593 Codicum
851 1517 971 1619 'opem
1010 1519 1247 1615 desiderant,

242 1637 382 1737 quibus
400 1663 472 1736 pro
494 1637 636 1712 virium
653 1638 827 1720 modulo
840 1638 988 1748 ipsein
1014 1639 1249 1716 animadver-

239 1756 413 1832 sionibus
431 1756 619 1831 medelam
637 1759 769 1833 afferre
783 1751 942 1832 conatus
963 1785 1068 1853 sum,
1095 1759 1249 1834 adiutus

132 1931 133 1936 ,
239 1856 312 1953 hac
344 1876 386 1951 in
411 1900 454 1949 re
478 1875 657 1950 acumine
682 1888 721 1952 et
738 1877 954 1952 eruditione
971 1879 1154 1978 patruelis
1171 1877 1248 1958 mei

239 1993 424 2068 carissimi
448 1995 504 2066 Ιο.
533 1993 690 2095 Caspari
716 1995 867 2070 Orellii.
910 1996 1051 2071 Textui
1076 1998 1125 2072 ad
1148 2000 1247 2072 latus

239 2113 371 2188 addidi
383 2113 600 2191 versionem
611 2114 770 2189 latinam
783 2115 962 2212 Hugonis
978 2117 1115 2211 Grotii,
1129 2108 1249 2191 ¹maxi·

238 2257 303 2308 me
336 2256 384 2315 en¹
420 2232 590 2307 editione
614 2231 758 2308 Aldina
784 2235 996 2334 posteriore
1021 2260 1247 2334 expressam,
1310 2226 1319 2232 ’

238 2353 420 2428 insertam
445 2351 564 2427 latine
594 2352 642 2425 ab
668 2351 752 2452 ipso
778 2352 940 2427 redditis
962 2365 1136 2429 veterum
1162 2354 1247 2427 Phi-

237 2471 492 2570 losophorum
518 2472 567 2546 de
592 2470 687 2544 Fato
713 2471 909 2547 sententiis
947 2473 1151 2570 (Lugduni
1178 2473 1249 2546 Ba·

239 2603 418 2667 tavorum
444 2615 504 2689 ap.
521 2589 685 2667 Elzevir.
716 2589 810 2679 1648
836 2591 1041 2686 duodenis)
1068 2618 1158 2664 cum
1175 2595 1248 2675 ele

239 2709 392 2807 gantior
421 2721 459 2783 et
489 2709 628 2784 melior
660 2707 857 2785 videretur
896 2736 941 2786 ea
978 2727 1077 2810 quae
1104 2711 1249 2806 legitur

178 2887 179 2890 ,
238 2829 283 2905 in
311 2826 479 2904 editione
506 2827 767 2922 Londinensi,
794 2829 971 2904 correctis
997 2841 1124 2904 tamen
1153 2830 1250 2932 iocis

244 2947 493 3048 quibusdam,
519 2933 589 3020 ubi
609 2948 769 3022 humani
789 2948 883 3046 quid
900 2975 1028 3048 passus
1048 2949 1257 3025 videbatur·

185 3115 187 3121 ,
241 3067 303 3144 vir
313 3065 548 3141 immortalis
573 3066 803 3159 memoriae,
829 3067 893 3143 vel
913 3066 985 3142 ubi
1011 3069 1251 3145 emendatior

240 3185 356 3261 lectio
390 3185 464 3259 alia
485 3186 690 3286 suadebat.
739 3185 878 3260 Libro·
902 3185 950 3260 de
984 3185 1080 3261 Fato
1117 3188 1249 3263 addidi

241 3304 377 3404 Capita
401 3307 480 3378 duo
500 3305 547 3380 de
565 3304 737 3378 Fortuna
765 3314 803 3378 et
820 3303 936 3398 Fato,
965 3331 1053 3379 cum
1075 3307 1251 3383 versione

192 3408 209 3436 s
240 3424 359 3498 latina
393 3423 532 3522 Angeli
570 3422 725 3498 Caninii
764 3420 870 3518 (nam
900 3417 1067 3500 ¹Grotius
1100 3429 1249 3500 nullam

241 3570 394 3643 prorsus
409 3569 543 3618 eorum
560 3542 738 3617 habuisse
752 3543 904 3620 videtur
916 3543 1111 3641 notitiam)
1134 3571 1250 3646 porro

241 3663 441 3736 Ammonii
469 3661 652 3736 Hermiae
680 3660 753 3736 filii
779 3675 817 3738 et
843 3661 988 3736 Plotini
1011 3662 1251 3739 Commenta-

242 3783 365 3856 tiones
399 3785 447 3856 de
470 3781 586 3873 Fato,
623 3781 729 3854 illam
769 3806 814 3855 ex
845 3781 1014 3858 editione
1042 3782 1252 3859 Alexandri

243 3900 507 4004 Londinensi,
535 3902 633 3978 hanc
659 3926 704 3976 ex
724 3928 807 3996 ¹una
829 3927 927 4000 quae
950 3903 1094 3978 Graece
1117 3917 1252 3994 exstat2
