<?xml version="1.0" encoding="UTF-8"?>
<!DOCTYPE html PUBLIC "-//W3C//DTD XHTML 1.0 Transitional//EN"
    "http://www.w3.org/TR/xhtml1/DTD/xhtml1-transitional.dtd">
<html xmlns="http://www.w3.org/1999/xhtml" xml:lang="en" lang="en">
 <head>
  <title>
</title>
<meta http-equiv="Content-Type" content="text/html;charset=utf-8" />
  <meta name='ocr-system' content='tesseract 3.04.00' />
  <meta name='ocr-capabilities' content='ocr_page ocr_carea ocr_par ocr_line ocrx_word'/>
</head>
<body>
  <div class='ocr_page' id='page_1' title='image "./alexandriaphrod01bardgoog_0254.png"; bbox 0 0 2758 4790; ppageno 0'>
   <div class='ocr_carea' id='block_1_1' title="bbox 1077 383 1137 450">
    <p class='ocr_par' dir='ltr' id='par_1_1' title="bbox 1077 383 1137 450">
     <span class='ocr_line' id='line_1_1' title="bbox 1077 383 1137 450; baseline 0.067 -4"><span class='ocrx_word' id='word_1_1' title='bbox 1077 383 1137 450; x_wconf 79' lang='lat'><strong>239</strong></span> 
     </span>
    </p>
   </div>
   <div class='ocr_carea' id='block_1_2' title="bbox 136 541 1136 735">
    <p class='ocr_par' dir='ltr' id='par_1_2' title="bbox 136 541 1136 735">
     <span class='ocr_line' id='line_1_2' title="bbox 138 541 1136 630; baseline 0.012 -24"><span class='ocrx_word' id='word_1_2' title='bbox 138 542 193 626; x_wconf 73' lang='lat' dir='ltr'><strong>qui</strong></span> <span class='ocrx_word' id='word_1_3' title='bbox 210 541 263 608; x_wconf 90' lang='lat' dir='ltr'><strong>illa</strong></span> <span class='ocrx_word' id='word_1_4' title='bbox 283 544 436 630; x_wconf 86' lang='lat' dir='ltr'><strong>legerint,</strong></span> <span class='ocrx_word' id='word_1_5' title='bbox 461 546 678 629; x_wconf 74' lang='lat' dir='ltr'><strong>reputaveris,</strong></span> <span class='ocrx_word' id='word_1_6' title='bbox 704 560 735 612; x_wconf 86' lang='lat' dir='ltr'><strong>et</strong></span> <span class='ocrx_word' id='word_1_7' title='bbox 757 549 832 614; x_wconf 88' lang='lat' dir='ltr'><strong>mihi</strong></span> <span class='ocrx_word' id='word_1_8' title='bbox 852 549 948 614; x_wconf 79' lang='lat' dir='ltr'><strong>facies</strong></span> <span class='ocrx_word' id='word_1_9' title='bbox 969 552 1136 618; x_wconf 83' lang='lat' dir='ltr'><strong>admodum</strong></span> 
     </span>
     <span class='ocr_line' id='line_1_3' title="bbox 136 649 885 735; baseline 0.005 -23"><span class='ocrx_word' id='word_1_10' title='bbox 136 658 283 732; x_wconf 79' lang='lat' dir='ltr'><strong>gratum,</strong></span> <span class='ocrx_word' id='word_1_11' title='bbox 308 661 339 712; x_wconf 89' lang='lat' dir='ltr'><strong>et</strong></span> <span class='ocrx_word' id='word_1_12' title='bbox 358 670 376 712; x_wconf 94' lang='lat' dir='ltr'><strong>a</strong></span> <span class='ocrx_word' id='word_1_13' title='bbox 395 649 517 735; x_wconf 83' lang='lat' dir='ltr'><strong>magnis</strong></span> <span class='ocrx_word' id='word_1_14' title='bbox 540 649 641 714; x_wconf 89' lang='lat' dir='ltr'><strong>dubiis</strong></span> <span class='ocrx_word' id='word_1_15' title='bbox 660 671 709 714; x_wconf 90' lang='lat' dir='ltr'><strong>me</strong></span> <span class='ocrx_word' id='word_1_16' title='bbox 723 650 885 718; x_wconf 80' lang='lat' dir='ltr'><strong>liberabis.</strong></span> 
     </span>
    </p>
   </div>
   <div class='ocr_carea' id='block_1_3' title="bbox 321 807 944 877">
    <p class='ocr_par' dir='ltr' id='par_1_3' title="bbox 321 807 944 877">
     <span class='ocr_line' id='line_1_4' title="bbox 321 807 944 877; baseline 0.005 -3"><span class='ocrx_word' id='word_1_17' title='bbox 321 807 515 874; x_wconf 84' lang='lat' dir='ltr'>PLETHO</span> <span class='ocrx_word' id='word_1_18' title='bbox 539 807 818 875; x_wconf 90' lang='lat' dir='ltr'><strong>BESSARIONI</strong></span> <span class='ocrx_word' id='word_1_19' title='bbox 840 811 875 874; x_wconf 90' lang='lat' dir='ltr'><strong>S.</strong></span> <span class='ocrx_word' id='word_1_20' title='bbox 897 811 944 877; x_wconf 91' lang='lat' dir='ltr'><strong>D.</strong></span> 
     </span>
    </p>
   </div>
   <div class='ocr_carea' id='block_1_4' title="bbox 77 945 1161 3720">
    <p class='ocr_par' dir='ltr' id='par_1_4' title="bbox 77 945 1161 3720">
     <span class='ocr_line' id='line_1_5' title="bbox 187 945 1135 1036; baseline 0.011 -26"><span class='ocrx_word' id='word_1_21' title='bbox 187 945 248 1011; x_wconf 90' lang='lat' dir='ltr'><strong>·De</strong></span> <span class='ocrx_word' id='word_1_22' title='bbox 269 946 342 1012; x_wconf 87' lang='lat' dir='ltr'><strong>Fati</strong></span> <span class='ocrx_word' id='word_1_23' title='bbox 362 958 466 1013; x_wconf 88' lang='lat' dir='ltr'><strong>autem</strong></span> <span class='ocrx_word' id='word_1_24' title='bbox 486 949 608 1014; x_wconf 88' lang='lat' dir='ltr'><strong>ratione</strong></span> <span class='ocrx_word' id='word_1_25' title='bbox 631 950 721 1027; x_wconf 86' lang='lat' dir='ltr'><strong>dieo,</strong></span> <span class='ocrx_word' id='word_1_26' title='bbox 758 950 830 1014; x_wconf 86' lang='lat' dir='ltr'><strong>lieri</strong></span> <span class='ocrx_word' id='word_1_27' title='bbox 856 974 922 1017; x_wconf 90' lang='lat' dir='ltr'><strong>non</strong></span> <span class='ocrx_word' id='word_1_28' title='bbox 942 975 1038 1036; x_wconf 89' lang='lat' dir='ltr'><strong>posse</strong></span> <span class='ocrx_word' id='word_1_29' title='bbox 1050 999 1061 1032; x_wconf 92' lang='lat'><strong>,</strong></span> <span class='ocrx_word' id='word_1_30' title='bbox 1098 967 1135 1020; x_wconf 87' lang='lat' dir='ltr'><strong>ut</strong></span> 
     </span>
     <span class='ocr_line' id='line_1_6' title="bbox 133 1049 1134 1139; baseline 0.011 -27"><span class='ocrx_word' id='word_1_31' title='bbox 133 1049 248 1114; x_wconf 81' lang='lat' dir='ltr'><strong>Fatum</strong></span> <span class='ocrx_word' id='word_1_32' title='bbox 269 1072 287 1114; x_wconf 89' lang='lat' dir='ltr'><strong>a</strong></span> <span class='ocrx_word' id='word_1_33' title='bbox 309 1072 469 1135; x_wconf 88' lang='lat' dir='ltr'><strong>quoquam</strong></span> <span class='ocrx_word' id='word_1_34' title='bbox 483 1053 666 1118; x_wconf 72' lang='lat' dir='ltr'><strong>sutrinorum</strong></span> <span class='ocrx_word' id='word_1_35' title='bbox 680 1053 854 1132; x_wconf 81' lang='lat' dir='ltr'><strong>eximatur,</strong></span> <span class='ocrx_word' id='word_1_36' title='bbox 881 1060 986 1139; x_wconf 92' lang='lat' dir='ltr'><strong>quoad</strong></span> <span class='ocrx_word' id='word_1_37' title='bbox 999 1058 1053 1122; x_wconf 91' lang='lat' dir='ltr'><strong>illa</strong></span> <span class='ocrx_word' id='word_1_38' title='bbox 1070 1061 1134 1124; x_wconf 91' lang='lat' dir='ltr'><strong>duo</strong></span> 
     </span>
     <span class='ocr_line' id='line_1_7' title="bbox 132 1151 1134 1246; baseline 0.012 -31"><span class='ocrx_word' id='word_1_39' title='bbox 132 1151 288 1236; x_wconf 90' lang='lat' dir='ltr'><strong>principia</strong></span> <span class='ocrx_word' id='word_1_40' title='bbox 308 1155 402 1219; x_wconf 90' lang='lat' dir='ltr'><strong>ambo</strong></span> <span class='ocrx_word' id='word_1_41' title='bbox 424 1166 529 1233; x_wconf 88' lang='lat' dir='ltr'><strong>stent,</strong></span> <span class='ocrx_word' id='word_1_42' title='bbox 554 1158 641 1241; x_wconf 86' lang='lat' dir='ltr'><strong>quod</strong></span> <span class='ocrx_word' id='word_1_43' title='bbox 663 1155 763 1220; x_wconf 90' lang='lat' dir='ltr'><strong>omnis</strong></span> <span class='ocrx_word' id='word_1_44' title='bbox 786 1179 899 1236; x_wconf 85' lang='lat' dir='ltr'><strong>causa,</strong></span> <span class='ocrx_word' id='word_1_45' title='bbox 922 1163 1134 1246; x_wconf 84' lang='lat' dir='ltr'><strong>quodcunque</strong></span> 
     </span>
     <span class='ocr_line' id='line_1_8' title="bbox 130 1254 1133 1346; baseline 0.011 -28"><span class='ocrx_word' id='word_1_46' title='bbox 130 1254 260 1334; x_wconf 79' lang='lat' dir='ltr'><strong>lecerit,</strong></span> <span class='ocrx_word' id='word_1_47' title='bbox 283 1258 463 1322; x_wconf 88' lang='lat' dir='ltr'><strong>necessario</strong></span> <span class='ocrx_word' id='word_1_48' title='bbox 486 1271 518 1322; x_wconf 89' lang='lat' dir='ltr'><strong>et</strong></span> <span class='ocrx_word' id='word_1_49' title='bbox 537 1258 741 1324; x_wconf 86' lang='lat' dir='ltr'><strong>determinate</strong></span> <span class='ocrx_word' id='word_1_50' title='bbox 761 1260 876 1338; x_wconf 85' lang='lat' dir='ltr'><strong>saciat,</strong></span> <span class='ocrx_word' id='word_1_51' title='bbox 901 1272 932 1324; x_wconf 90' lang='lat' dir='ltr'><strong>et</strong></span> <span class='ocrx_word' id='word_1_52' title='bbox 955 1267 1042 1346; x_wconf 87' lang='lat' dir='ltr'><strong>quod</strong></span> <span class='ocrx_word' id='word_1_53' title='bbox 1062 1286 1133 1328; x_wconf 85' lang='lat' dir='ltr'><strong>om-</strong></span> 
     </span>
     <span class='ocr_line' id='line_1_9' title="bbox 131 1359 1135 1446; baseline 0.012 -26"><span class='ocrx_word' id='word_1_54' title='bbox 131 1378 170 1420; x_wconf 90' lang='lat' dir='ltr'><strong>ne</strong></span> <span class='ocrx_word' id='word_1_55' title='bbox 192 1362 279 1442; x_wconf 88' lang='lat' dir='ltr'><strong>quod</strong></span> <span class='ocrx_word' id='word_1_56' title='bbox 299 1359 354 1439; x_wconf 82' lang='lat' dir='ltr'><strong>fit,</strong></span> <span class='ocrx_word' id='word_1_57' title='bbox 386 1381 519 1427; x_wconf 87' lang='lat' dir='ltr'><strong>acausa</strong></span> <span class='ocrx_word' id='word_1_58' title='bbox 540 1365 673 1446; x_wconf 88' lang='lat' dir='ltr'><strong>quadam</strong></span> <span class='ocrx_word' id='word_1_59' title='bbox 693 1362 763 1426; x_wconf 86' lang='lat' dir='ltr'><strong>fiat.</strong></span> <span class='ocrx_word' id='word_1_60' title='bbox 806 1364 981 1430; x_wconf 83' lang='lat' dir='ltr'><strong>Enimvero</strong></span> <span class='ocrx_word' id='word_1_61' title='bbox 1003 1366 1135 1433; x_wconf 87' lang='lat' dir='ltr'><strong>Aristo·</strong></span> 
     </span>
     <span class='ocr_line' id='line_1_10' title="bbox 128 1461 1132 1552; baseline 0.011 -28"><span class='ocrx_word' id='word_1_62' title='bbox 128 1461 208 1525; x_wconf 86' lang='lat' dir='ltr'><strong>teles</strong></span> <span class='ocrx_word' id='word_1_63' title='bbox 228 1463 262 1526; x_wconf 91' lang='lat' dir='ltr'><strong>in</strong></span> <span class='ocrx_word' id='word_1_64' title='bbox 283 1463 535 1548; x_wconf 87' lang='lat' dir='ltr'><strong>Metaphysicis,</strong></span> <span class='ocrx_word' id='word_1_65' title='bbox 572 1465 628 1530; x_wconf 87' lang='lat' dir='ltr'><strong>ubi</strong></span> <span class='ocrx_word' id='word_1_66' title='bbox 658 1466 873 1545; x_wconf 81' lang='lat' dir='ltr'>intellexerat,</span> <span class='ocrx_word' id='word_1_67' title='bbox 911 1468 987 1552; x_wconf 88' lang='lat' dir='ltr'><strong>quid</strong></span> <span class='ocrx_word' id='word_1_68' title='bbox 1014 1491 1054 1533; x_wconf 86' lang='lat' dir='ltr'><strong>ex</strong></span> <span class='ocrx_word' id='word_1_69' title='bbox 1082 1469 1132 1536; x_wconf 89' lang='lat' dir='ltr'><strong>his</strong></span> 
     </span>
     <span class='ocr_line' id='line_1_11' title="bbox 129 1565 1131 1655; baseline 0.012 -28"><span class='ocrx_word' id='word_1_70' title='bbox 129 1565 253 1630; x_wconf 88' lang='lat' dir='ltr'><strong>duobus</strong></span> <span class='ocrx_word' id='word_1_71' title='bbox 285 1566 447 1651; x_wconf 82' lang='lat' dir='ltr'><strong>principiis</strong></span> <span class='ocrx_word' id='word_1_72' title='bbox 483 1579 655 1652; x_wconf 87' lang='lat' dir='ltr'><strong>sequatur,</strong></span> <span class='ocrx_word' id='word_1_73' title='bbox 694 1573 847 1655; x_wconf 88' lang='lat' dir='ltr'><strong>quodque</strong></span> <span class='ocrx_word' id='word_1_74' title='bbox 881 1572 1034 1636; x_wconf 91' lang='lat' dir='ltr'><strong>ambobus</strong></span> <span class='ocrx_word' id='word_1_75' title='bbox 1068 1574 1131 1639; x_wconf 89' lang='lat' dir='ltr'><strong>illis</strong></span> 
     </span>
     <span class='ocr_line' id='line_1_12' title="bbox 128 1668 1132 1758; baseline 0.01 -26"><span class='ocrx_word' id='word_1_76' title='bbox 128 1668 227 1733; x_wconf 81' lang='lat' dir='ltr'><strong>iirnris</strong></span> <span class='ocrx_word' id='word_1_77' title='bbox 248 1671 462 1748; x_wconf 84' lang='lat' dir='ltr'><strong>manentibus,</strong></span> <span class='ocrx_word' id='word_1_78' title='bbox 496 1671 568 1736; x_wconf 83' lang='lat' dir='ltr'><strong>lieri</strong></span> <span class='ocrx_word' id='word_1_79' title='bbox 588 1671 678 1735; x_wconf 89' lang='lat' dir='ltr'><strong>aliter</strong></span> <span class='ocrx_word' id='word_1_80' title='bbox 699 1693 765 1737; x_wconf 87' lang='lat' dir='ltr'><strong>non</strong></span> <span class='ocrx_word' id='word_1_81' title='bbox 785 1671 909 1755; x_wconf 83' lang='lat' dir='ltr'><strong>possit,</strong></span> <span class='ocrx_word' id='word_1_82' title='bbox 943 1693 1036 1758; x_wconf 84' lang='lat' dir='ltr'><strong>quarn</strong></span> <span class='ocrx_word' id='word_1_83' title='bbox 1056 1686 1132 1742; x_wconf 89' lang='lat' dir='ltr'><strong>uta</strong></span> 
     </span>
     <span class='ocr_line' id='line_1_13' title="bbox 128 1771 1132 1862; baseline 0 -26"><span class='ocrx_word' id='word_1_84' title='bbox 128 1772 245 1837; x_wconf 79' lang='lat' dir='ltr'><strong>sunnis</strong></span> <span class='ocrx_word' id='word_1_85' title='bbox 267 1771 480 1858; x_wconf 72' lang='lat' dir='ltr'><strong>contingentia</strong></span> <span class='ocrx_word' id='word_1_86' title='bbox 501 1774 650 1850; x_wconf 81' lang='lat' dir='ltr'><strong>exulent3</strong></span> <span class='ocrx_word' id='word_1_87' title='bbox 672 1795 712 1838; x_wconf 91' lang='lat' dir='ltr'><strong>ne</strong></span> <span class='ocrx_word' id='word_1_88' title='bbox 735 1775 943 1862; x_wconf 81' lang='lat' dir='ltr'><strong>contingente</strong></span> <span class='ocrx_word' id='word_1_89' title='bbox 964 1799 1023 1841; x_wconf 86' lang='lat' dir='ltr'><strong>suo</strong></span> <span class='ocrx_word' id='word_1_90' title='bbox 1045 1777 1132 1844; x_wconf 74' lang='lat' dir='ltr'><strong>exci-</strong></span> 
     </span>
     <span class='ocr_line' id='line_1_14' title="bbox 127 1875 1132 1966; baseline 0.006 -25"><span class='ocrx_word' id='word_1_91' title='bbox 127 1878 201 1952; x_wconf 85' lang='lat' dir='ltr'><strong>dat,</strong></span> <span class='ocrx_word' id='word_1_92' title='bbox 239 1875 373 1940; x_wconf 85' lang='lat' dir='ltr'><strong>alterum</strong></span> <span class='ocrx_word' id='word_1_93' title='bbox 404 1877 519 1940; x_wconf 92' lang='lat' dir='ltr'><strong>horum</strong></span> <span class='ocrx_word' id='word_1_94' title='bbox 552 1876 783 1963; x_wconf 80' lang='lat' dir='ltr'><strong>principiorum</strong></span> <span class='ocrx_word' id='word_1_95' title='bbox 816 1878 922 1956; x_wconf 90' lang='lat' dir='ltr'><strong>tollit,</strong></span> <span class='ocrx_word' id='word_1_96' title='bbox 960 1881 1132 1966; x_wconf 74' lang='lat' dir='ltr'><strong>statuitque</strong></span> 
     </span>
     <span class='ocr_line' id='line_1_15' title="bbox 127 1981 1128 2066; baseline 0.007 -25"><span class='ocrx_word' id='word_1_97' title='bbox 127 1981 280 2064; x_wconf 84' lang='lat' dir='ltr'><strong>quaedam</strong></span> <span class='ocrx_word' id='word_1_98' title='bbox 309 1999 398 2056; x_wconf 87' lang='lat' dir='ltr'><strong>esse,</strong></span> <span class='ocrx_word' id='word_1_99' title='bbox 437 2001 517 2064; x_wconf 86' lang='lat' dir='ltr'><strong>quae</strong></span> <span class='ocrx_word' id='word_1_100' title='bbox 545 1983 665 2066; x_wconf 90' lang='lat' dir='ltr'><strong>absque</strong></span> <span class='ocrx_word' id='word_1_101' title='bbox 693 2003 786 2046; x_wconf 88' lang='lat' dir='ltr'><strong>causa</strong></span> <span class='ocrx_word' id='word_1_102' title='bbox 815 2003 1001 2066; x_wconf 82' lang='lat' dir='ltr'><strong>quacunque</strong></span> <span class='ocrx_word' id='word_1_103' title='bbox 1029 1983 1128 2064; x_wconf 83' lang='lat' dir='ltr'><strong>fiant,</strong></span> 
     </span>
     <span class='ocr_line' id='line_1_16' title="bbox 128 2081 1132 2166; baseline 0.006 -18"><span class='ocrx_word' id='word_1_104' title='bbox 128 2082 260 2148; x_wconf 87' lang='lat' dir='ltr'><strong>ridicule</strong></span> <span class='ocrx_word' id='word_1_105' title='bbox 280 2081 314 2146; x_wconf 90' lang='lat' dir='ltr'><strong>id</strong></span> <span class='ocrx_word' id='word_1_106' title='bbox 334 2085 422 2166; x_wconf 86' lang='lat' dir='ltr'><strong>quod</strong></span> <span class='ocrx_word' id='word_1_107' title='bbox 443 2083 588 2148; x_wconf 88' lang='lat' dir='ltr'><strong>omnihus</strong></span> <span class='ocrx_word' id='word_1_108' title='bbox 610 2084 735 2150; x_wconf 85' lang='lat' dir='ltr'><strong>videtur</strong></span> <span class='ocrx_word' id='word_1_109' title='bbox 757 2084 890 2163; x_wconf 90' lang='lat' dir='ltr'><strong>tollens,</strong></span> <span class='ocrx_word' id='word_1_110' title='bbox 924 2085 957 2149; x_wconf 90' lang='lat' dir='ltr'><strong>id</strong></span> <span class='ocrx_word' id='word_1_111' title='bbox 977 2107 1057 2150; x_wconf 86' lang='lat' dir='ltr'><strong>vero</strong></span> <span class='ocrx_word' id='word_1_112' title='bbox 1078 2086 1132 2154; x_wconf 81' lang='lat' dir='ltr'><strong>cui</strong></span> 
     </span>
     <span class='ocr_line' id='line_1_17' title="bbox 127 2185 1130 2274; baseline 0.005 -24"><span class='ocrx_word' id='word_1_113' title='bbox 127 2209 146 2250; x_wconf 92' lang='lat' dir='ltr'><strong>a</strong></span> <span class='ocrx_word' id='word_1_114' title='bbox 172 2186 333 2270; x_wconf 87' lang='lat' dir='ltr'><strong>plerisque</strong></span> <span class='ocrx_word' id='word_1_115' title='bbox 365 2185 608 2266; x_wconf 78' lang='lat' dir='ltr'><strong>contradicitur,</strong></span> <span class='ocrx_word' id='word_1_116' title='bbox 657 2201 805 2274; x_wconf 86' lang='lat' dir='ltr'><strong>tanquam</strong></span> <span class='ocrx_word' id='word_1_117' title='bbox 840 2187 954 2253; x_wconf 85' lang='lat' dir='ltr'><strong>stabile</strong></span> <span class='ocrx_word' id='word_1_118' title='bbox 988 2211 1130 2256; x_wconf 89' lang='lat' dir='ltr'><strong>sumens.</strong></span> 
     </span>
     <span class='ocr_line' id='line_1_18' title="bbox 128 2289 1128 2378; baseline 0.006 -26"><span class='ocrx_word' id='word_1_119' title='bbox 128 2290 194 2354; x_wconf 88' lang='lat' dir='ltr'><strong>Sed</strong></span> <span class='ocrx_word' id='word_1_120' title='bbox 224 2290 384 2354; x_wconf 85' lang='lat' dir='ltr'><strong>videamus</strong></span> <span class='ocrx_word' id='word_1_121' title='bbox 417 2311 478 2374; x_wconf 87' lang='lat' dir='ltr'><strong>qua</strong></span> <span class='ocrx_word' id='word_1_122' title='bbox 505 2289 539 2354; x_wconf 89' lang='lat' dir='ltr'><strong>in</strong></span> <span class='ocrx_word' id='word_1_123' title='bbox 558 2303 658 2376; x_wconf 84' lang='lat' dir='ltr'><strong>’parte</strong></span> <span class='ocrx_word' id='word_1_124' title='bbox 688 2293 753 2371; x_wconf 81' lang='lat' dir='ltr'><strong>hoe</strong></span> <span class='ocrx_word' id='word_1_125' title='bbox 781 2291 986 2378; x_wconf 86' lang='lat' dir='ltr'><strong>contingens,</strong></span> <span class='ocrx_word' id='word_1_126' title='bbox 1033 2305 1065 2357; x_wconf 88' lang='lat' dir='ltr'><strong>et</strong></span> <span class='ocrx_word' id='word_1_127' title='bbox 1092 2293 1128 2358; x_wconf 88' lang='lat' dir='ltr'><strong>in</strong></span> 
     </span>
     <span class='ocr_line' id='line_1_19' title="bbox 77 2395 1130 2482; baseline 0.005 -24"><span class='ocrx_word' id='word_1_128' title='bbox 77 2475 79 2482; x_wconf 18' lang='lat' dir='ltr'>y</span> <span class='ocrx_word' id='word_1_129' title='bbox 125 2405 296 2480; x_wconf 78' lang='lat' dir='ltr'><strong>utramque</strong></span> <span class='ocrx_word' id='word_1_130' title='bbox 318 2406 441 2477; x_wconf 89' lang='lat' dir='ltr'><strong>partem</strong></span> <span class='ocrx_word' id='word_1_131' title='bbox 476 2415 576 2479; x_wconf 89' lang='lat' dir='ltr'><strong>aeque</strong></span> <span class='ocrx_word' id='word_1_132' title='bbox 607 2397 766 2479; x_wconf 90' lang='lat' dir='ltr'><strong>pendens,</strong></span> <span class='ocrx_word' id='word_1_133' title='bbox 803 2395 838 2458; x_wconf 88' lang='lat' dir='ltr'><strong>hi</strong></span> <span class='ocrx_word' id='word_1_134' title='bbox 869 2395 925 2480; x_wconf 89' lang='lat' dir='ltr'><strong>qui</strong></span> <span class='ocrx_word' id='word_1_135' title='bbox 959 2395 1130 2463; x_wconf 86' lang='lat' dir='ltr'><strong>Aristoteli</strong></span> 
     </span>
     <span class='ocr_line' id='line_1_20' title="bbox 125 2495 1128 2582; baseline 0.005 -21"><span class='ocrx_word' id='word_1_136' title='bbox 125 2495 367 2582; x_wconf 86' lang='lat' dir='ltr'><strong>patrocinantur</strong></span> <span class='ocrx_word' id='word_1_137' title='bbox 394 2498 566 2563; x_wconf 88' lang='lat' dir='ltr'><strong>collocent.</strong></span> <span class='ocrx_word' id='word_1_138' title='bbox 623 2497 706 2562; x_wconf 88' lang='lat' dir='ltr'><strong>Nam</strong></span> <span class='ocrx_word' id='word_1_139' title='bbox 726 2496 755 2561; x_wconf 92' lang='lat' dir='ltr'><strong>si</strong></span> <span class='ocrx_word' id='word_1_140' title='bbox 775 2496 861 2561; x_wconf 85' lang='lat' dir='ltr'><strong>idio</strong></span> <span class='ocrx_word' id='word_1_141' title='bbox 882 2497 1045 2564; x_wconf 86' lang='lat' dir='ltr'><strong>voluntate</strong></span> <span class='ocrx_word' id='word_1_142' title='bbox 1066 2521 1128 2566; x_wconf 90' lang='lat' dir='ltr'><strong>no·</strong></span> 
     </span>
     <span class='ocr_line' id='line_1_21' title="bbox 126 2599 1130 2685; baseline 0.003 -20"><span class='ocrx_word' id='word_1_143' title='bbox 126 2613 194 2665; x_wconf 84' lang='lat' dir='ltr'><strong>stra</strong></span> <span class='ocrx_word' id='word_1_144' title='bbox 214 2613 355 2684; x_wconf 86' lang='lat' dir='ltr'><strong>ponunt,</strong></span> <span class='ocrx_word' id='word_1_145' title='bbox 379 2601 434 2667; x_wconf 89' lang='lat' dir='ltr'><strong>ubi</strong></span> <span class='ocrx_word' id='word_1_146' title='bbox 454 2613 487 2666; x_wconf 89' lang='lat' dir='ltr'><strong>et</strong></span> <span class='ocrx_word' id='word_1_147' title='bbox 507 2621 630 2685; x_wconf 87' lang='lat' dir='ltr'><strong>ponere</strong></span> <span class='ocrx_word' id='word_1_148' title='bbox 651 2599 815 2679; x_wconf 89' lang='lat' dir='ltr'><strong>videntur,</strong></span> <span class='ocrx_word' id='word_1_149' title='bbox 846 2609 900 2664; x_wconf 87' lang='lat' dir='ltr'><strong>aut</strong></span> <span class='ocrx_word' id='word_1_150' title='bbox 920 2601 1045 2666; x_wconf 80' lang='lat' dir='ltr'><strong>moveri</strong></span> <span class='ocrx_word' id='word_1_151' title='bbox 1065 2622 1130 2668; x_wconf 55' lang='lat' dir='ltr'><strong>vom</strong></span> 
     </span>
     <span class='ocr_line' id='line_1_22' title="bbox 125 2705 1126 2790; baseline 0.005 -24"><span class='ocrx_word' id='word_1_152' title='bbox 125 2705 277 2769; x_wconf 88' lang='lat' dir='ltr'><strong>luntatem</strong></span> <span class='ocrx_word' id='word_1_153' title='bbox 308 2715 449 2770; x_wconf 88' lang='lat' dir='ltr'><strong>nostram</strong></span> <span class='ocrx_word' id='word_1_154' title='bbox 484 2715 620 2771; x_wconf 87' lang='lat' dir='ltr'><strong>statuent</strong></span> <span class='ocrx_word' id='word_1_155' title='bbox 651 2726 672 2768; x_wconf 90' lang='lat' dir='ltr'><strong>a</strong></span> <span class='ocrx_word' id='word_1_156' title='bbox 704 2706 823 2782; x_wconf 88' lang='lat' dir='ltr'><strong>rebus,</strong></span> <span class='ocrx_word' id='word_1_157' title='bbox 875 2725 955 2790; x_wconf 83' lang='lat' dir='ltr'><strong>quae</strong></span> <span class='ocrx_word' id='word_1_158' title='bbox 987 2727 1007 2770; x_wconf 92' lang='lat' dir='ltr'><strong>a</strong></span> <span class='ocrx_word' id='word_1_159' title='bbox 1039 2705 1126 2772; x_wconf 78' lang='lat' dir='ltr'><strong>ntdla</strong></span> 
     </span>
     <span class='ocr_line' id='line_1_23' title="bbox 127 2808 1127 2893; baseline 0.002 -21"><span class='ocrx_word' id='word_1_160' title='bbox 127 2819 297 2873; x_wconf 86' lang='lat' dir='ltr'><strong>nascuntur</strong></span> <span class='ocrx_word' id='word_1_161' title='bbox 325 2831 436 2886; x_wconf 86' lang='lat' dir='ltr'><strong>causa;</strong></span> <span class='ocrx_word' id='word_1_162' title='bbox 473 2812 531 2874; x_wconf 88' lang='lat' dir='ltr'><strong>sed</strong></span> <span class='ocrx_word' id='word_1_163' title='bbox 557 2820 676 2875; x_wconf 87' lang='lat' dir='ltr'><strong>temere</strong></span> <span class='ocrx_word' id='word_1_164' title='bbox 698 2829 736 2872; x_wconf 87' lang='lat' dir='ltr'><strong>ac</strong></span> <span class='ocrx_word' id='word_1_165' title='bbox 754 2808 895 2886; x_wconf 85' lang='lat' dir='ltr'><strong>frustra,</strong></span> <span class='ocrx_word' id='word_1_166' title='bbox 933 2808 987 2893; x_wconf 89' lang='lat' dir='ltr'><strong>qui</strong></span> <span class='ocrx_word' id='word_1_167' title='bbox 1006 2820 1042 2874; x_wconf 90' lang='lat' dir='ltr'><strong>ut</strong></span> <span class='ocrx_word' id='word_1_168' title='bbox 1061 2810 1127 2876; x_wconf 86' lang='lat' dir='ltr'><strong>hcc</strong></span> 
     </span>
     <span class='ocr_line' id='line_1_24' title="bbox 125 2911 1125 2990; baseline 0.002 -14"><span class='ocrx_word' id='word_1_169' title='bbox 125 2922 342 2979; x_wconf 88' lang='lat' dir='ltr'><strong>ornamentum</strong></span> <span class='ocrx_word' id='word_1_170' title='bbox 363 2911 482 2976; x_wconf 88' lang='lat' dir='ltr'><strong>animae</strong></span> <span class='ocrx_word' id='word_1_171' title='bbox 501 2925 632 2976; x_wconf 89' lang='lat' dir='ltr'><strong>nostrae</strong></span> <span class='ocrx_word' id='word_1_172' title='bbox 660 2911 849 2990; x_wconf 89' lang='lat' dir='ltr'><strong>concilient,</strong></span> <span class='ocrx_word' id='word_1_173' title='bbox 870 2911 1058 2976; x_wconf 34' lang='lat' dir='ltr'><strong>suauitatem</strong></span> <span class='ocrx_word' id='word_1_174' title='bbox 1077 2911 1125 2978; x_wconf 95' lang='lat' dir='ltr'><strong>illi</strong></span> 
     </span>
     <span class='ocr_line' id='line_1_25' title="bbox 124 3013 1161 3100; baseline 0.006 -22"><span class='ocrx_word' id='word_1_175' title='bbox 124 3014 315 3094; x_wconf 89' lang='lat' dir='ltr'><strong>conciliant,</strong></span> <span class='ocrx_word' id='word_1_176' title='bbox 343 3027 397 3080; x_wconf 91' lang='lat' dir='ltr'><strong>aut</strong></span> <span class='ocrx_word' id='word_1_177' title='bbox 417 3015 445 3079; x_wconf 89' lang='lat' dir='ltr'><strong>si</strong></span> <span class='ocrx_word' id='word_1_178' title='bbox 466 3037 485 3078; x_wconf 90' lang='lat' dir='ltr'><strong>a</strong></span> <span class='ocrx_word' id='word_1_179' title='bbox 505 3037 585 3080; x_wconf 86' lang='lat' dir='ltr'><strong>vero</strong></span> <span class='ocrx_word' id='word_1_180' title='bbox 606 3016 659 3079; x_wconf 86' lang='lat' dir='ltr'><strong>vel</strong></span> <span class='ocrx_word' id='word_1_181' title='bbox 680 3013 844 3100; x_wconf 86' lang='lat' dir='ltr'><strong>apparenti</strong></span> <span class='ocrx_word' id='word_1_182' title='bbox 864 3015 954 3086; x_wconf 85' lang='lat' dir='ltr'><strong>bono</strong></span> <span class='ocrx_word' id='word_1_183' title='bbox 974 3016 1123 3082; x_wconf 84' lang='lat' dir='ltr'><strong>volunta·</strong></span> <span class='ocrx_word' id='word_1_184' title='bbox 1159 3075 1161 3084; x_wconf 92' lang='lat'><strong>.</strong></span> 
     </span>
     <span class='ocr_line' id='line_1_26' title="bbox 123 3117 1124 3203; baseline 0 -21"><span class='ocrx_word' id='word_1_185' title='bbox 123 3130 188 3182; x_wconf 90' lang='lat' dir='ltr'><strong>tem</strong></span> <span class='ocrx_word' id='word_1_186' title='bbox 209 3131 351 3185; x_wconf 85' lang='lat' dir='ltr'><strong>nostram</strong></span> <span class='ocrx_word' id='word_1_187' title='bbox 371 3119 496 3184; x_wconf 87' lang='lat' dir='ltr'><strong>moveri</strong></span> <span class='ocrx_word' id='word_1_188' title='bbox 516 3118 747 3197; x_wconf 88' lang='lat' dir='ltr'><strong>concesserint,</strong></span> <span class='ocrx_word' id='word_1_189' title='bbox 772 3117 1124 3203; x_wconf 85' lang='lat' dir='ltr'><strong>quemadmodum&#39;sane</strong></span> 
     </span>
     <span class='ocr_line' id='line_1_27' title="bbox 123 3221 1123 3299; baseline 0 -13"><span class='ocrx_word' id='word_1_190' title='bbox 123 3222 248 3287; x_wconf 85' lang='lat' dir='ltr'><strong>moveri</strong></span> <span class='ocrx_word' id='word_1_191' title='bbox 268 3221 410 3299; x_wconf 75' lang='lat' dir='ltr'><strong>videtin,</strong></span> <span class='ocrx_word' id='word_1_192' title='bbox 442 3227 575 3287; x_wconf 88' lang='lat' dir='ltr'><strong>&#39;necesse</strong></span> <span class='ocrx_word' id='word_1_193' title='bbox 604 3221 696 3286; x_wconf 85' lang='lat' dir='ltr'><strong>etiam</strong></span> <span class='ocrx_word' id='word_1_194' title='bbox 725 3233 773 3285; x_wconf 88' lang='lat' dir='ltr'><strong>est</strong></span> <span class='ocrx_word' id='word_1_195' title='bbox 794 3223 923 3285; x_wconf 87' lang='lat' dir='ltr'><strong>candem</strong></span> <span class='ocrx_word' id='word_1_196' title='bbox 943 3221 1123 3286; x_wconf 88' lang='lat' dir='ltr'><strong>necessario</strong></span> 
     </span>
     <span class='ocr_line' id='line_1_28' title="bbox 124 3324 1122 3410; baseline -0.002 -22"><span class='ocrx_word' id='word_1_197' title='bbox 124 3324 249 3392; x_wconf 81' lang='lat' dir='ltr'><strong>moveri</strong></span> <span class='ocrx_word' id='word_1_198' title='bbox 263 3328 448 3391; x_wconf 88' lang='lat' dir='ltr'><strong>concedant.</strong></span> <span class='ocrx_word' id='word_1_199' title='bbox 491 3325 640 3390; x_wconf 83' lang='lat' dir='ltr'><strong>Efficitur</strong></span> <span class='ocrx_word' id='word_1_200' title='bbox 660 3345 740 3410; x_wconf 87' lang='lat' dir='ltr'><strong>ergo</strong></span> <span class='ocrx_word' id='word_1_201' title='bbox 765 3325 959 3387; x_wconf 88' lang='lat' dir='ltr'><strong>voluntatem</strong></span> <span class='ocrx_word' id='word_1_202' title='bbox 980 3333 1122 3388; x_wconf 89' lang='lat' dir='ltr'><strong>nostram</strong></span> 
     </span>
     <span class='ocr_line' id='line_1_29' title="bbox 122 3425 1121 3512; baseline 0 -20"><span class='ocrx_word' id='word_1_203' title='bbox 122 3450 188 3493; x_wconf 90' lang='lat' dir='ltr'><strong>nou</strong></span> <span class='ocrx_word' id='word_1_204' title='bbox 210 3430 333 3494; x_wconf 86' lang='lat' dir='ltr'><strong>moveri</strong></span> <span class='ocrx_word' id='word_1_205' title='bbox 354 3452 372 3494; x_wconf 91' lang='lat' dir='ltr'><strong>a</strong></span> <span class='ocrx_word' id='word_1_206' title='bbox 393 3451 427 3493; x_wconf 89' lang='lat' dir='ltr'><strong>se</strong></span> <span class='ocrx_word' id='word_1_207' title='bbox 447 3427 534 3512; x_wconf 91' lang='lat' dir='ltr'><strong>ipsa,</strong></span> <span class='ocrx_word' id='word_1_208' title='bbox 568 3427 720 3511; x_wconf 89' lang='lat' dir='ltr'><strong>siquidem</strong></span> <span class='ocrx_word' id='word_1_209' title='bbox 747 3427 787 3490; x_wconf 90' lang='lat' dir='ltr'><strong>ab</strong></span> <span class='ocrx_word' id='word_1_210' title='bbox 813 3425 973 3490; x_wconf 87' lang='lat' dir='ltr'><strong>intellectu</strong></span> <span class='ocrx_word' id='word_1_211' title='bbox 1007 3436 1121 3492; x_wconf 89' lang='lat' dir='ltr'><strong>nostro</strong></span> 
     </span>
     <span class='ocr_line' id='line_1_30' title="bbox 124 3529 1130 3622; baseline -0.001 -26"><span class='ocrx_word' id='word_1_212' title='bbox 124 3543 218 3616; x_wconf 89' lang='lat' dir='ltr'><strong>atque</strong></span> <span class='ocrx_word' id='word_1_213' title='bbox 239 3534 326 3600; x_wconf 90' lang='lat' dir='ltr'><strong>bono</strong></span> <span class='ocrx_word' id='word_1_214' title='bbox 348 3532 471 3598; x_wconf 90' lang='lat' dir='ltr'><strong>moveri</strong></span> <span class='ocrx_word' id='word_1_215' title='bbox 493 3541 637 3607; x_wconf 89' lang='lat' dir='ltr'><strong>constat,</strong></span> <span class='ocrx_word' id='word_1_216' title='bbox 671 3539 771 3593; x_wconf 90' lang='lat' dir='ltr'><strong>totam</strong></span> <span class='ocrx_word' id='word_1_217' title='bbox 799 3550 879 3594; x_wconf 88' lang='lat' dir='ltr'><strong>vero</strong></span> <span class='ocrx_word' id='word_1_218' title='bbox 905 3529 1040 3594; x_wconf 84' lang='lat' dir='ltr'><strong>animam</strong></span> <span class='ocrx_word' id='word_1_219' title='bbox 1061 3550 1130 3622; x_wconf 51' lang='lat' dir='ltr'><strong>no-¹</strong></span> 
     </span>
     <span class='ocr_line' id='line_1_31' title="bbox 124 3631 1123 3720; baseline -0.002 -22"><span class='ocrx_word' id='word_1_220' title='bbox 124 3647 223 3699; x_wconf 85' lang='lat' dir='ltr'><strong>stram</strong></span> <span class='ocrx_word' id='word_1_221' title='bbox 244 3657 277 3700; x_wconf 87' lang='lat' dir='ltr'><strong>se</strong></span> <span class='ocrx_word' id='word_1_222' title='bbox 298 3637 398 3720; x_wconf 90' lang='lat' dir='ltr'><strong>ipsam</strong></span> <span class='ocrx_word' id='word_1_223' title='bbox 419 3656 572 3712; x_wconf 89' lang='lat' dir='ltr'><strong>movere,</strong></span> <span class='ocrx_word' id='word_1_224' title='bbox 618 3635 692 3696; x_wconf 76' lang='lat' dir='ltr'><strong>duan</strong></span> <span class='ocrx_word' id='word_1_225' title='bbox 710 3643 801 3714; x_wconf 88' lang='lat' dir='ltr'><strong>parte</strong></span> <span class='ocrx_word' id='word_1_226' title='bbox 823 3653 878 3694; x_wconf 91' lang='lat' dir='ltr'><strong>sua</strong></span> <span class='ocrx_word' id='word_1_227' title='bbox 899 3631 1049 3716; x_wconf 90' lang='lat' dir='ltr'><strong>reliquam</strong></span> <span class='ocrx_word' id='word_1_228' title='bbox 1072 3631 1123 3696; x_wconf 88' lang='lat' dir='ltr'><strong>sui</strong></span> 
     </span>
    </p>
   </div>
   <div class='ocr_carea' id='block_1_5' title="bbox 123 3733 1226 3822">
    <p class='ocr_par' dir='ltr' id='par_1_5' title="bbox 123 3733 1226 3822">
     <span class='ocr_line' id='line_1_32' title="bbox 123 3733 1226 3822; baseline -0.002 -20"><span class='ocrx_word' id='word_1_229' title='bbox 123 3751 246 3822; x_wconf 86' lang='lat' dir='ltr'><strong>partem</strong></span> <span class='ocrx_word' id='word_1_230' title='bbox 267 3751 387 3804; x_wconf 88' lang='lat' dir='ltr'><strong>movet.</strong></span> <span class='ocrx_word' id='word_1_231' title='bbox 432 3741 512 3804; x_wconf 91' lang='lat' dir='ltr'><strong>Sane</strong></span> <span class='ocrx_word' id='word_1_232' title='bbox 540 3749 572 3801; x_wconf 89' lang='lat' dir='ltr'><strong>ct</strong></span> <span class='ocrx_word' id='word_1_233' title='bbox 596 3733 786 3800; x_wconf 86' lang='lat' dir='ltr'><strong>Aristoteles</strong></span> <span class='ocrx_word' id='word_1_234' title='bbox 815 3735 883 3797; x_wconf 85' lang='lat' dir='ltr'><strong>vult</strong></span> <span class='ocrx_word' id='word_1_235' title='bbox 912 3735 1117 3813; x_wconf 83' lang='lat' dir='ltr'><strong>confirmare,</strong></span> <span class='ocrx_word' id='word_1_236' title='bbox 1211 3763 1226 3778; x_wconf 53' lang='lat'><strong>‘-</strong></span> 
     </span>
    </p>
   </div>
   <div class='ocr_carea' id='block_1_6' title="bbox 123 3815 1121 4032">
    <p class='ocr_par' dir='ltr' id='par_1_6' title="bbox 123 3815 1121 4032">
     <span class='ocr_line' id='line_1_33' title="bbox 124 3815 1119 3926; baseline -0.002 -22"><span class='ocrx_word' id='word_1_237' title='bbox 124 3844 213 3925; x_wconf 85' lang='lat' dir='ltr'><strong>quod</strong></span> <span class='ocrx_word' id='word_1_238' title='bbox 233 3841 334 3906; x_wconf 89' lang='lat' dir='ltr'><strong>anima</strong></span> <span class='ocrx_word' id='word_1_239' title='bbox 356 3865 374 3906; x_wconf 93' lang='lat' dir='ltr'><strong>a</strong></span> <span class='ocrx_word' id='word_1_240' title='bbox 394 3863 428 3906; x_wconf 86' lang='lat' dir='ltr'><strong>se</strong></span> <span class='ocrx_word' id='word_1_241' title='bbox 449 3843 518 3926; x_wconf 91' lang='lat' dir='ltr'><strong>ipsa</strong></span> <span class='ocrx_word' id='word_1_242' title='bbox 539 3815 717 3906; x_wconf 79' lang='lat' dir='ltr'><strong>moveittur.</strong></span> <span class='ocrx_word' id='word_1_243' title='bbox 761 3837 857 3917; x_wconf 86' lang='lat' dir='ltr'><strong>(Nam</strong></span> <span class='ocrx_word' id='word_1_244' title='bbox 877 3858 935 3899; x_wconf 89' lang='lat' dir='ltr'><strong>nec</strong></span> <span class='ocrx_word' id='word_1_245' title='bbox 957 3837 1119 3902; x_wconf 89' lang='lat' dir='ltr'><strong>Aristote-</strong></span> 
     </span>
     <span class='ocr_line' id='line_1_34' title="bbox 123 3937 1121 4032; baseline 0 -24"><span class='ocrx_word' id='word_1_246' title='bbox 123 3945 179 4010; x_wconf 85' lang='lat' dir='ltr'><strong>les</strong></span> <span class='ocrx_word' id='word_1_247' title='bbox 193 3943 293 4012; x_wconf 86' lang='lat' dir='ltr'><strong>estin</strong></span> <span class='ocrx_word' id='word_1_248' title='bbox 318 3945 374 4026; x_wconf 87' lang='lat' dir='ltr'><strong>iis,</strong></span> <span class='ocrx_word' id='word_1_249' title='bbox 409 3945 594 4032; x_wconf 80' lang='lat' dir='ltr'><strong>quasillum</strong></span> <span class='ocrx_word' id='word_1_250' title='bbox 615 3945 697 4012; x_wconf 87' lang='lat' dir='ltr'><strong>bene</strong></span> <span class='ocrx_word' id='word_1_251' title='bbox 718 3937 1047 4008; x_wconf 77' lang='lat' dir='ltr'><strong>dixissemanilestum</strong></span> <span class='ocrx_word' id='word_1_252' title='bbox 1073 3952 1121 4008; x_wconf 85' lang='lat' dir='ltr'><strong>est</strong></span> 
     </span>
    </p>
   </div>
   <div class='ocr_carea' id='block_1_7' title="bbox 0 0 1384 4790">
    <p class='ocr_par' dir='ltr' id='par_1_7' title="bbox 0 0 1384 4790">
     <span class='ocr_line' id='line_1_35' title="bbox 0 0 1384 4790; baseline 0 5"><span class='ocrx_word' id='word_1_253' title='bbox 0 0 1384 4790; x_wconf 95' lang='lat' dir='ltr'><strong> </strong></span> 
     </span>
    </p>
   </div>
  </div>
 </body>
</html>
