2828 4792
1115 369 1155 432 39

152 523 340 587 tontibus
370 523 505 608 aliqua
540 524 673 606 possit
706 542 871 608 praeter
903 531 1026 617 ipsam
1061 556 1156 601 con-

146 627 411 692 sultationem
451 625 567 690 nobis
609 631 828 696 redundare
865 633 1049 715 utilitas,
1098 639 1154 704 si·

150 731 313 816 quidem
335 733 386 795 de'
402 730 492 794 aliis
515 732 638 794 rebus
656 738 1155 818 quaspnaediximnscon·
1246 815 1249 823 ,

150 838 357 900 sultantes
380 833 481 898 nibil
502 835 705 899 lucramur
726 854 892 921 praeter
912 845 1037 908 solam
1059 869 1154 911 con·
1207 823 1220 845 χ

147 940 414 1004 saltationem
438 937 495 1020 ll..
528 936 613 1018 Ouid
630 939 728 1024 igitur
746 955 810 1020 est,
836 949 924 1030 quod
939 968 981 1010 ex
995 950 1154 1014 consulta·

148 1045 237 1110 tione
259 1046 352 1106 datam
372 1040 520 1125 assequi?
553 1043 650 1122 Quod
672 1065 741 1107 etim
760 1043 808 1110 ius
829 1048 966 1131 optionis
985 1053 1154 1118 habeamus

148 1141 386 1232 circa‘agenda‚
410 1144 444 1209 id
459 1147 547 1226 qisod
560 1166 625 1208 non
636 1145 830 1226 fecissemus,
854 1150 914 1214 nisi
924 1155 1154 1222 consultatione

144 1250 329 1316 fecissemus
347 1247 416 1325 usi,
441 1248 566 1330 (nempe
589 1249 662 1332 quia
683 1251 854 1336 egissemus
877 1254 960 1316 aliud
981 1255 1057 1338 quid
1081 1258 1153 1322 viso

143 1375 204 1420 nos
233 1352 360 1417 ferienti
382 1351 563 1416 obedientes
576 1353 602 1432 ,)
624 1375 707 1416 name
728 1353 761 1423 id
779 1358 866 1438 qnod
888 1356 1004 1422 rationi
1028 1356 1152 1424 videtu

143 1456 338 1539 optabilius,
376 1455 409 1519 id
443 1455 591 1519 saunimus
618 1456 802 1542 egimusque
834 1481 912 1542 prae
941 1459 997 1524 illo
1036 1460 1151 1532 altero.

143 1561 234 1640 Quae
261 1560 365 1626 omnia
387 1571 474 1622 recte
495 1561 691 1640 proeedsmt,
716 1561 827 1624 sinon
850 1562 954 1631 omnia
974 1585 1016 1626 ex
1041 1585 1150 1628 neees-

142 1663 235 1728 sitate
265 1663 398 1748 agimus.
459 1662 555 1742 Quod
576 1661 609 1738 si,
625 1685 755 1748 agamus
779 1677 892 1728 cuncta
923 1688 1003 1750 quae
1028 1667 1148 1752 agimus

138 1789 182 1832 ex
204 1766 307 1831 causis
327 1766 537 1850 antegressis,
561 1764 605 1829 ita
618 1778 654 1830 ut
672 1766 758 1830 nulla
781 1767 872 1834 nobis
891 1768 931 1832 sit
952 1781 1092 1852 potestas
1109 1773 1148 1838 ad

140 1873 297 1955 agendum
324 1867 375 1932 vel
394 1891 458 1932 non
485 1870 661 1952 agendum,
698 1872 754 1934 sed
776 1870 901 1934 definita
916 1873 988 1956 lege
1005 1872 1038 1936 id
1051 1894 1147 1938 tiniam

138 1995 292 2059 agamus,
317 1976 405 2055 quod
416 1973 571 2057 agendum
587 1971 678 2034 nobis
695 1985 764 2050 est,
789 1972 968 2064 parimodo
984 1997 1049 2057 quo
1064 1975 1146 2059 ignis

141 2076 285 2142 calefacit
300 2087 332 2138 et
349 2075 428 2156 lapis
445 2077 593 2138 deorsum
608 2074 729 2150 fertur,
765 2087 796 2138 ct
812 2075 970 2154 cylindrus
986 2077 1018 2139 in
1034 2076 1147 2148 declivi

140 2180 302 2255 volviuu,
341 2178 483 2262 quidest
508 2178 603 2259 quod.
617 2179 656 2238 ad
676 2179 830 2262 agendum
853 2199 894 2241 ex
916 2180 1145 2244 consultatione

138 2285 212 2366 plus
239 2303 333 2364 quam
362 2291 439 2352 ,ante
466 2275 678 2342 babebimus?
711 2282 792 2344 Nam
814 2284 901 2365 quod
926 2294 996 2346 ante
1019 2295 1145 2365 captum

142 2385 308 2456 consilium
323 2405 446 2450 eramus
461 2381 597 2460 factumi,
632 2383 664 2448 id
682 2383 784 2465 ipsum
798 2396 833 2448 ut
847 2397 921 2467 post
943 2384 1143 2454 deliberatius,

139 2511 211 2552 nem
230 2509 360 2572 agamus
381 2507 508 2550 necesse
532 2497 597 2548 est:
632 2508 730 2569 quare
751 2509 792 2550 ex
818 2487 1047 2552 consultatione
1066 2489 1143 2554 nihil

138 2595 178 2656 ad
199 2613 260 2656 nos
282 2589 414 2666 redibit,
444 2601 572 2672 praeter
589 2591 652 2653 boo
673 2589 775 2670 ipsum
798 2589 990 2652 consultare.
1034 2590 1141 2674 Atque

136 2719 209 2758 cum
234 2695 299 2758 boo
319 2693 422 2775 ipsum
443 2694 548 2758 facere
570 2691 727 2773 possimus
746 2679 838 2754 etianl
862 2694 900 2754 de
916 2672 953 2758 iis
976 2713 1055 2776 quae
1076 2689 1141 2766 noti

136 2810 209 2862 stant
231 2794 563 2878 nostrae'potcstatis,
588 2796 626 2858 dc
642 2794 687 2857 eis
705 2793 737 2858 id
755 2793 951 2878 defugimus,
975 2806 1010 2857 ut
1028 2815 1141 2876 super·

137 2923 285 2964 vacuum.
329 2897 452 2964 inutilis
472 2919 552 2981 crgo
575 2896 675 2960 omnis
694 2896 884 2961 consultatio
903 2896 994 2960 etiam
1017 2919 1139 2962 cumea

134 3017 284 3086 tanquam
316 3000 456 3067 utilitatis
493 2998 609 3082 aliquid
651 2998 742 3062 nobis
782 2998 964 3079 praebitura
1007 3000 1137 3064 utimur.

135 3109 229 3172 Unde
255 3125 357 3188 porro
381 3103 523 3186 sequitur
547 3103 666 3167 frustra
689 3123 706 3164 a
734 3112 845 3165 natura
876 3123 935 3164 nos
964 3101 1011 3165 ita
1033 3099 1137 3166 factos
1236 3157 1239 3162 .

133 3223 169 3274 ut
195 3206 392 3274 consultandi
419 3207 587 3270 babeamus
617 3205 810 3268 factdtatcm.
869 3203 928 3268 His
954 3203 981 3266 si
1006 3207 1137 3271 addatur

134 3315 223 3396 quod
246 3323 317 3387 est,
341 3320 373 3372 et
394 3307 446 3372 isti
459 3309 620 3384 fatentur,
646 3320 676 3370 ct
697 3306 880 3392 philosophi
905 3328 985 3389 pene
1011 3328 1131 3384 omnes,

131 3415 209 3484 nibil
234 3437 253 3478 a
274 3424 385 3478 natura
402 3411 521 3474 frustra
541 3411 628 3488 fieri,
667 3411 796 3474 tolletur
818 3431 858 3478 ex
873 3431 912 3474 eo
931 3409 962 3473 id
985 3412 1071 3492 quod
1092 3432 1135 3476 ex

129 3518 274 3602 ipsorum
297 3515 385 3582 dictis
400 3513 534 3578 infertur
548 3513 666 3582 frustra
681 3536 739 3580 nos
755 3515 794 3576 ad
809 3513 1045 3576 consultandum
1063 3535 1131 3576 csse

130 3632 236 3703 aptos.
282 3620 321 3682 Id
343 3630 445 3683 autent
470 3629 555 3681 recte
574 3616 723 3694 infertur,
749 3616 828 3682 siin
855 3638 890 3679 ea
912 3615 992 3698 quac
1010 3619 1130 3700 agenda

128 3735 219 3798 sunt,
259 3743 323 3788 non
337 3720 383 3792 ,id
410 3721 457 3785 ius
485 3722 676 3796 habeamus,
715 3731 750 3784 ut
771 3718 927 3804 possimus
949 3719 1054 3788 facore
1077 3719 1129 3788 vol

126 3829 189 3890 boe
212 3825 265 3888 vel
286 3823 351 3888 eius
374 3823 577 3892 casuarium.

142 3965 173 4036 a)
194 3965 270 4024 Vide
288 3973 383 4020 notas.
