2758 4790
1055 351 1115 418 201

120 519 177 584 sed
197 537 307 584 causae
330 519 464 583 duorum
485 535 654 604 generum,
692 519 845 604 quaedam
866 517 948 585 enim
977 520 1047 586 fieri
1078 523 1118 586 ab

121 621 222 686 anime
242 623 394 704 quaedam
414 641 482 705 per¹
494 621 570 686 alias
592 641 700 685 causas
723 643 803 707 quae
825 622 943 686 circum
958 644 1017 686 nos
1032 637 1119 690 sunt.

120 725 252 790 Animas
272 736 378 798 ¹autem
400 737 528 809 agentes
551 745 588 788 ea
609 746 690 809 quae
716 737 831 810 agunt,
868 726 924 789 ubi
952 730 1123 791 secundum
1206 780 1211 794 .

121 840 241 891 rectam
261 828 416 892 rationem
437 828 470 890 id
490 827 631 904 faciunt,
669 849 688 891 a
715 850 749 892 se
777 849 872 914 agere
902 850 981 913 quae
1012 842 1123 916 agunt.

123 930 241 996 Cetera
262 952 343 994 vero
364 929 527 1012 impeditas
555 930 588 993 id
609 951 704 1016 agere
726 934 813 1015 quod
839 954 930 995 suum
959 945 1028 1010 est,
1066 929 1134 1015 pa-‘

122 1035 209 1119 tique
242 1033 342 1119 magis
382 1055 474 1117 quam
511 1055 618 1118 agere.
683 1035 795 1118 Itaque
833 1047 867 1096 ut
905 1057 970 1100 non
1004 1035 1125 1118 sapiant

123 1137 199 1201 alias
223 1159 292 1202 esse
315 1157 446 1213 causas,
484 1137 615 1203 ethaeo
640 1137 727 1201 forte
755 1149 843 1200 recte
875 1137 1020 1202 dicuntur
1042 1140 1125 1203 Fato

122 1261 218 1326 agere
241 1261 282 1304 ex
302 1259 413 1304 eorum
435 1225 605 1316 sentehtia,
631 1239 745 1324 quibus
760 1240 874 1303 Fatum
884 1252 1017 1322 putatur
1032 1263 1126 1304 causa

122 1365 191 1408 esse
213 1354 358 1407 externa.
404 1342 542 1426 Optima!
555 1363 634 1408 vero
657 1363 753 1429 agere
775 1364 834 1407 nos
857 1363 876 1406 a
903 1343 995 1407 nobis
1028 1343 1124 1426 ipsis:
1224 1347 1229 1362 ¹

122 1468 194 1511 nam
214 1447 286 1510 talis
307 1446 425 1532 ingenii
447 1453 575 1524 su‘mus,
611 1453 688 1510 cum'
711 1446 772 1511 soli
799 1467 918 1511 sumus.
963 1447 1007 1510 Et
1035 1445 1124 1510 viros

124 1551 250 1638 quidem
272 1552 376 1614 bonos
404 1571 464 1633 per
492 1571 526 1612 se
554 1563 642 1614 recte
671 1571 784 1636 agere:
822 1549 901 1640 elios
932 1560 1034 1612 autem
1060 1571 1126 1612 non

122 1654 206 1718 ultra
219 1665 306 1716 recte
328 1653 435 1716 facere
457 1675 550 1737 quam
572 1655 644 1716 dum
669 1653 828 1736 respirare
858 1651 1021 1716 sinuntur:
1058 1673 1124 1715 non

124 1755 211 1840 quod
232 1755 287 1819 ubi
309 1757 451 1839 sapiunt,
489 1756 567 1820 illud
594 1777 707 1839 sapere
727 1759 863 1822 habeant
885 1755 1030 1833 aliunde,
1068 1757 1124 1817 sed

124 1859 263 1942 quodin
285 1879 411 1925 eonon
434 1858 656 1944 hupedimur.
806 1844 809 1852 ’
1175 1853 1178 1858 ’
