2782 4790
1025 404 1029 409 ⁵
1071 427 1130 492 aas

122 605 249 658 babeat.
295 596 345 659 Ac
366 597 501 678 primum
528 599 652 682 quidem
675 600 759 663 circa
780 619 857 682 quas
878 619 929 664 res
952 601 983 664 id
1009 597 1130 662 versari

123 699 288 764 dicendum
310 700 367 775 sit,
402 701 614 782 inspiciamus.
669 703 707 765 Id
728 703 826 778 enim,
860 703 916 766 ubi
940 701 1132 766 declaratum

121 803 239 879 luerit,
279 819 395 886 operae
421 805 555 887 pretium
580 805 675 869 suerit
708 807 799 870 etiam
832 806 952 890 reliqua
976 825 1128 888 quaerere
1212 795 1215 802 ’

122 909 160 970 de
178 907 265 989 ipso.
308 908 417 989 Ipsum
429 908 535 993 igitur
549 910 662 972 Fatum
682 911 824 974 omnibus
844 915 938 974 rebus
961 911 1130 993 adiungere

122 1023 153 1074 et
189 1011 295 1074 omnia
332 1012 414 1088 entia
445 1015 614 1074 secundum
646 1013 759 1076 Fatum
795 1033 863 1077 esse
899 1015 1024 1090 dicere,
1068 1025 1131 1074 tam

121 1115 313 1197 sempiterna
338 1137 431 1198 quam
456 1135 537 1194 non,
575 1137 677 1198 neque
699 1117 816 1200 alioqui
843 1116 1031 1182 rationabile
1062 1127 1126 1190 est,

121 1241 226 1303 neque
250 1221 289 1282 ab
311 1218 367 1292 iis,
402 1220 458 1301 qui
485 1219 619 1282 maxime
645 1221 757 1284 Fatum
788 1224 952 1283 decantant
978 1243 1035 1284 ceu
1058 1241 1131 1282 cau-
1204 1245 1214 1262 f

121 1345 187 1386 sam
216 1322 354 1387 omnium
380 1343 487 1384 rerum
510 1343 590 1404 quae
614 1323 710 1399 liunt,
750 1324 916 1386 admissum
941 1347 977 1387 ac
999 1345 1131 1388 conces-

121 1449 204 1490 sum.
250 1428 364 1508 Neque
387 1426 468 1489 enim
488 1425 603 1488 rationi
622 1438 864 1490 consentaneum
888 1439 991 1489 estut
1016 1428 1131 1508 sempia·

122 1543 248 1594 ternum
263 1531 432 1591 secundum
440 1531 553 1592 Fatum
569 1551 638 1592 esse
653 1530 803 1592 dicamus.
820 1530 999 1593 Ridiculum
1016 1531 1133 1614 quippe

122 1648 169 1698 est
194 1635 222 1696 si
252 1633 320 1716 quis
354 1634 561 1696 dimetientem
593 1632 685 1695 lateri
710 1634 904 1718 inaequalem
930 1657 999 1697 esse
1021 1657 1131 1698 seeun-

122 1741 196 1802 dum
224 1739 336 1800 Fatum
356 1749 492 1832 asserqt,
524 1750 577 1800 aut
602 1737 793 1821 triangulum
819 1750 991 1820 propterea
1013 1739 1131 1800 duabus
1181 1752 1182 1761 ¹

121 1841 217 1904 rectis
244 1841 390 1923 aequales
415 1843 534 1902 habere
556 1841 689 1925 angulos
715 1841 934 1917 extrinsecos,
960 1854 991 1903 et
1006 1843 1130 1922 penitus

121 1967 156 2007 ea
188 1966 270 2027 quae
305 1964 429 2024 semper
455 1947 625 2006 secundum
655 1947 762 2006 eadem
785 1957 815 2005 et
845 1948 955 2008 eodem
975 1948 1071 2008 modo
1097 1967 1130 2008 se

121 2051 261 2122 liabent,
304 2049 473 2109 absurdum
506 2060 552 2110 est
584 2047 611 2110 si
647 2048 715 2130 quis
745 2051 914 2110 secundum
944 2051 1056 2111 Fatum
1088 2052 1132 2112 ita

121 2154 189 2234 ipsa
214 2153 331 2213 babere
362 2163 534 2213 asseverata
579 2150 777 2230 Quinetiam
806 2172 845 2212 ne
875 2151 978 2214 omnia
1007 2152 1130 2232 quidem

123 2278 204 2339 quae
232 2255 418 2338 gignianum.
479 2254 703 2337 Quaecumque
722 2254 802 2316 enim
824 2257 938 2318 horum
957 2254 1129 2317 ordinatam

124 2375 153 2423 ct
178 2371 298 2421 certam
322 2356 555 2441 generationem
569 2359 685 2420 habent
711 2370 742 2419 et
763 2369 893 2434 motum,
915 2358 982 2439 ipsa
1005 2379 1131 2442 quoque

122 2476 214 2527 extra
235 2464 349 2524 Fatum
370 2461 475 2540 posita
500 2473 583 2522 siant.
628 2463 703 2524 Non
731 2462 812 2524 enim
835 2463 916 2525 Fato
945 2462 1001 2523 Sol
1022 2462 1053 2524 in
1083 2463 1132 2524 bi-

122 2569 225 2630 berno
244 2577 296 2626 aut
315 2565 435 2626 aestivo
458 2564 594 2628 solstitio
611 2577 774 2640 versatur,
799 2585 900 2648 neque
913 2566 1010 2626 ullum
1026 2577 1129 2628 astro-

121 2693 192 2732 rum
217 2671 299 2732 Fato
337 2691 459 2729 causam
496 2689 569 2730 suae
603 2668 727 2731 lationis
760 2679 918 2749 acceptam
950 2667 1031 2730 fert:
1077 2671 1132 2729 sed
1192 2688 1193 2700 ¹

124 2771 213 2836 velut
235 2773 323 2834 iuxta
341 2771 505 2833 essentiam
527 2784 558 2833 et
586 2771 789 2833 substantiam
810 2773 907 2833 libera
936 2783 1007 2833 sunt
1036 2794 1052 2832 a
1078 2772 1131 2832 tali

63 2920 68 2930 ·
123 2893 239 2951 carisa,
274 2876 318 2937 ita
343 2897 470 2957 quoque
491 2875 522 2937 in
545 2874 684 2956 propriis
707 2875 841 2937 actibus.
898 2873 1003 2953 Quare
1024 2893 1129 2936 rerum
1196 2933 1202 2947 x

123 2977 381 3060 sempiternarum
412 2989 463 3038 aut
496 2999 575 3059 quae
604 2980 774 3072 sqcundum
804 2979 912 3038 cadem
953 2990 984 3039 et
1019 2980 1130 3039 eodem

122 3085 219 3145 modo
253 3103 378 3161 semper
410 3101 443 3142 se
474 3081 607 3155 habent,
653 3081 740 3142 nullo
777 3091 872 3159 pacto
899 3081 1011 3141 Fatum
1040 3102 1133 3142 causa

123 3184 264 3256 exsistit3
289 3187 344 3246 sed
361 3184 485 3245 videtur
503 3183 534 3244 in
553 3186 648 3246 rebus
669 3183 865 3268 generationi
886 3195 916 3244 et
935 3183 1132 3264 corruptioni

123 3286 271 3350 subiectis
293 3288 406 3349 Fatum
431 3287 565 3349 versari.
624 3288 661 3350 In
687 3287 723 3349 iis
747 3287 826 3348 enim
854 3307 951 3368 quac,
984 3298 1134 3367 quantum

124 3395 163 3453 ad
185 3391 359 3452 naturalem
386 3401 569 3470 apparatum
592 3391 744 3471 pertinet,
770 3403 842 3471 apta
858 3401 928 3451 siant
950 3399 981 3449 et
1003 3409 1133 3468 eompa-

124 3505 196 3556 rata
218 3495 258 3554 ad
280 3493 450 3575 opposita,
482 3493 530 3554 vis
551 3493 622 3555 Fati
646 3493 768 3558 versari
794 3494 939 3567 videtur,
978 3490 1010 3552 in
1032 3491 1133 3552 altero

55 3637 58 3642 ,
125 3596 349 3680 oppositorum
382 3597 532 3658 cohibens
567 3617 603 3658 ea
639 3609 673 3660 et
707 3617 917 3670 conservans,
965 3596 1132 3656 secundum

125 3702 280 3782 quandam
304 3699 422 3762 ordinis
446 3701 713 3782 consequentiam.
759 3700 848 3780 Quae
869 3698 950 3761 enim
967 3697 1033 3760 sine
1050 3697 1132 3757 Fato
1225 3733 1234 3751 .

125 3803 256 3868 nonita
280 3825 314 3866 se
336 3805 453 3866 habere
481 3824 577 3885 posse
599 3803 761 3879 videntur,
801 3823 837 3865 ea
865 3823 883 3864 a
904 3802 985 3863 Fato
1010 3799 1042 3860 in
1064 3800 1129 3861 hoe

127 3907 253 3970 ordine
273 3907 456 3970 conservari
498 3907 656 3968 videntur.
722 3905 813 3968 Talia
839 3917 941 3968 murm
970 3913 1041 3965 sunt
1068 3922 1132 3964 non

36 4051 41 4080 ,
128 4009 186 4072 alia
212 4010 315 4086 entia,
355 4025 448 4094 quam
472 4031 609 4093 eaquae
632 4018 703 4074 saint
724 4001 755 4073 in
778 4007 983 4094 generatione
1006 4017 1038 4068 et
1060 4023 1133 4068 cora

964 4211 980 4236 Q
