2758 4790
244 329 305 394 ιεε
355 412 360 420 ,

245 498 300 592 16)
325 488 598 587 χαλεπωτάτη
626 494 756 576 δοκεῖ,
791 495 843 588 τῷ
873 498 1010 563 δοκεῖν
1042 491 1124 574 ete]
1156 495 1242 560 δοκεῖ

328 603 445 666 addunt
467 601 564 666 Mon.
588 598 665 662 Ald.
693 599 724 661 2.
752 595 858 665 Casei.
882 593 1032 684 Bagolin.
1059 609 1091 662 et
1110 595 1237 660 Grotius

327 701 360 769 in
378 724 464 768 vers.
487 703 543 766 lat.
566 699 714 766 omittunt
739 700 816 766 Al'd.
840 704 871 764 1.
892 713 924 766 et
941 703 1050 767 Lond.
1069 699 1142 782 (Ο.)
1174 699 1258 764 Pro„

327 807 361 873 ἓν
387 801 470 899 όυτῇ
501 805 706 888 exspectabas
732 804 765 870 ἰν
794 798 884 895 ἀντῷ
916 803 986 868 scil.
1020 805 1067 896 τῷ
1094 798 1241 890 δόγματι.

321 908 435 990 (Οαερ.
455 907 575 986 Orell.)

243 1007 298 1087 17)
327 1007 504 1098 ἑκατέρᾳ
523 999 675 1084 πολλὰ]
698 1001 775 1068 ΑΙδ.
791 1004 824 1067 1..
847 997 984 1094 ε’κότεροι
998 1000 1109 1070 πολλὰ
1119 1003 1242 1068 vitiose.

244 1109 298 1192 18)
326 1108 365 1175 τὶ
387 1108 447 1190 ε’ἰη
468 1103 517 1175 ἂν
537 1106 683 1196 μείζω]
706 1106 756 1170 Ita
772 1103 878 1172 Casel.
894 1109 1059 1171 emendans
1079 1106 1242 1172 lectionem

245 1210 248 1216 ’
328 1213 531 1295 depravatam
563 1213 595 1278 τὶ
626 1210 687 1276 δίεν
708 1208 814 1297 ’μείζω
842 1209 977 1274 Aldinae
1005 1210 1038 1274 2.
1075 1211 1186 1274 Ηενο.
1214 1220 1245 1274 et

327 1313 425 1379 Mon.
447 1335 541 1398 quam
557 1301 730 1377 ¹lectionem
752 1309 932 1394 exprimunt
956 1311 1048 1376 etiam
1071 1313 1244 1400 Bagolinus

325 1428 358 1480 et
377 1418 475 1482 θεοῖ.
517 1415 565 1482 At
580 1416 658 1480 Ald.
682 1416 714 1479 1.
734 1425 767 1478 et
787 1416 897 1480 Lond.
920 1408 1017 1482 οὐδὲν
1033 1409 1130 1502 όῖμοιι
1143 1416 1246 1503 μείζω.

242 1621 297 1704 19)
326 1617 391 1701 όῑς
411 1615 640 1713 πράσσετε]
668 1617 747 1686 Ald.
766 1619 798 1686 2.
814 1613 865 1698 όῖς
881 1615 1076 1712 ιιρόσοετοιι.
1120 1617 1226 1686 Male.

240 1723 368 1805 20-21)
389 1725 524 1815 ἑνρεῖν
544 1713 625 1817 ἐνῇ
653 1763 670 1776 -
691 1764 707 1777 -
728 1765 745 1778 -
765 1722 1023 1806 πεποίησθε]
1053 1713 1127 1819 ἕνῇ
1148 1723 1244 1792 Mon.

184 1865 191 1878 »
327 1837 358 1891 οε
370 1826 447 1892 Ald.
464 1826 497 1891 2.
512 1847 610 1911 quare
625 1848 696 1890 cum
708 1823 836 1892 Caselio
850 1827 972 1892 restitui
982 1827 1174 1912 πεποίησθε
1187 1848 1247 1912 pro

324 1930 515 2011 πεποίηται,
547 1939 583 1993 ut
601 1950 711 2016 aeneus
737 1928 778 1993 sit
797 1930 899 1994 nulla
923 1941 1114 1996 νεεινονοτη
1139 1933 1246 1997 aetio·

326 2051 409 2096 num
426 2034 610 2098 invenietur
627 2063 773 2086 ·····
794 2031 829 2094 in
848 2051 920 2114 qna
929 2028 1039 2107 finem
1059 2031 1157 2096 νοδίε
1171 2049 1248 2113 pro·

325 2135 477 2217 positum
507 2130 705 2196 habueritis.
757 2129 835 2194 Ald.
863 2130 895 2195 1.
923 2131 1033 2196 Lond.
1063 2141 1098 2194 et
1127 2129 1245 2216 Bagol.

325 2235 430 2320 ε’νρεῑν
454 2225 476 2313 ἣ
497 2273 513 2286 -
533 2271 551 2285 -
570 2269 587 2285 -
608 2229 799 2314 πεποίηται,
824 2231 1032 2317 quaefinem
1044 2233 1114 2298 aidi
1124 2253 1247 2320 prepo-

322 2337 427 2402 situm
445 2331 612 2400 habuerit.
653 2333 728 2415 (Ο.)
764 2349 776 2362 ²

244 2431 307 2518 22)
322 2429 381 2502 Ἕν
402 2434 446 2500 δέ
465 2432 527 2514 τι]
563 2433 618 2499 Sie
638 2435 717 2501 Ald.
734 2437 767 2502 1.
789 2437 885 2506 Μοο.
904 2447 936 2504 et
955 2437 1064 2506 Lond.
1112 2439 1248 2524 Expun-

330 2545 409 2624 gunt
434 2559 467 2603 τι
489 2533 569 2601 Ald.
591 2537 624 2602 2.
647 2549 679 2602 et
697 2538 804 2606 Casei·
841 2542 916 2624 (Ο.)

244 2639 300 2725 2³)
327 2633 656 2727 ἐντυγχάνουσιν
674 2635 770 2730 ὑμῖν
791 2642 844 2736 τῷ
864 2643 1036 2736 βιβλίῳ]
1058 2645 1250 2712 Εδ.Ι.ονδ.

274 2814 278 2823 ,
329 2742 439 2808 vertit.
461 2743 496 2806 εἰε
517 2742 642 2809 hiram
665 2745 755 2810 heae
780 2746 1014 2825 incidentibus,
1047 2747 1198 2816 similiter
1222 2761 1253 2815 et

328 2845 476 2912 Grotius.
518 2843 584 2908 Sed
613 2840 816 2934 ἐντυγχάνειν
842 2847 960 2940 βιβλίῳ
988 2851 1040 2916 vel
1061 2853 1183 2948 γραᾳςῆ
1205 2863 1254 2917 est

330 2949 456 3034 legere,
477 2947 554 3014 nihil
572 2947 717 3032 amplius.
749 2949 834 3014 Vide
852 2949 1048 3020 Boiasonade
1065 2957 1108 3020 ad
1128 2956 1253 3022 Marin.

325 3052 391 3124 ‚vin
414 3051 527 3117 Procli
546 3073 624 3138 pag.
647 3053 702 3118 δῦ.
724 3052 799 3135 (Ο.)

245 3155 300 3239 21)
329 3157 504 3223 δεῖσθαι
539 3149 649 3236 δόξει
692 3155 879 3246 ῥηθῆναι
914 3157 1255 3254 γνωριμώτερον]

331 3258 384 3326 Sic
401 3256 480 3322 Ald.
503 3258 535 3321 1.
554 3269 586 3322 et
608 3257 719 3324 Lond.
759 3259 822 3322 Sed
842 3258 920 3324 Ald.
944 3261 975 3326 2.
1005 3264 1102 3329 Μοο.
1132 3278 1167 3331 et
1190 3266 1256 3334 Ca-

330 3361 425 3426 aelius
439 3358 508 3444 (qui
528 3359 612 3425 addit
628 3363 695 3428 δεῖν
708 3371 783 3443 poet
799 3360 962 3452 ῥηθῆναι)
980 3365 1083 3430 delent
1098 3371 1257 3437 δεῖσθαι.

332 3461 417 3529 Mihi
437 3463 601 3550 legendum
624 3462 748 3528 videtur
769 3465 908 3532 δεῖσθαι
928 3462 1014 3548 δόξει
1038 3467 1116 3536 τινὰ
1139 3472 1257 3563 ρηὓῆ.

330 3591 387 3634 ναι
406 3561 660 3658 γνωριμώτερον.
681 3564 756 3646 (Ο.)
800 3567 904 3648 Quum
926 3585 1023 3653 supra
1043 3572 1104 3652 eit,
1140 3569 1195 3642 Ἕι
1221 3579 1259 3642 δέ

332 3693 380 3751 τι,
412 3667 489 3734 nihil
520 3667 630 3734 attinet
660 3667 712 3733 hie
739 3671 842 3736 denuo
873 3671 970 3738 inseri
999 3671 1081 3744 τινά.
1137 3680 1257 3765 (emp.

329 3772 450 3852 Orell.)
620 3771 623 3778 “

130 3956 132 3960 Ι
249 3867 305 3956 25)
331 3865 419 3966 παρ’
442 3864 570 3962 ὑμῶν]
592 3867 688 3942 Mon.
710 3865 793 3968 πρὸς
813 3867 912 3964 ὑμῶν.
