2828 4792
1108 299 1147 362 55
1185 327 1193 345 ·

599 463 682 530 XV.

204 567 303 647 Quod
328 585 409 628 vero
433 567 536 644 aimtt,
584 567 611 632 si
648 573 840 633 concedatur
875 573 1005 634 cundem
1034 568 1144 636 iisdem

137 672 378 734 circumsessum
387 671 491 732 rebus
506 669 778 738 circumstantibus
792 695 888 756 posse
903 695 984 736 nuuc
998 673 1045 736 sic
1059 694 1142 736 nunc

137 774 228 836 aliter
250 793 366 857 agere,
401 787 572 856 propterea
591 775 696 839 induci
717 771 889 841 motionem
914 797 994 860 quae
1017 797 1142 838 causam

71 963 76 971 .
138 899 202 942 non
226 879 359 953 habenti
384 891 580 962 quapropter
600 879 662 961 ipsi
679 890 817 944 statuunt
839 902 903 944 non
923 878 1064 962 potuisse
1082 900 1142 941 un·

139 1001 233 1064 quam
253 1001 431 1063 quenquam
453 983 559 1046 facere
585 983 778 1048 contrarium
801 983 865 1046 eius
889 986 976 1067 quod
999 983 1140 1050 facturus

137 1095 201 1160 eet,
238 1083 400 1146 videamus
427 1105 531 1148 annon
556 1086 609 1165 hie
637 1107 765 1170 quoque
789 1085 991 1151 hallucinatio
1020 1083 1142 1173 parsit

138 1199 241 1270 atque
258 1185 290 1250 iu
312 1185 487 1252 antedictis.
540 1191 616 1262 Νοιι
636 1189 719 1255 enim
735 1209 860 1272 semper
882 1211 962 1274 quae
984 1209 1140 1254 excausa

136 1289 233 1366 fiunt,
270 1301 361 1354 extra
382 1313 417 1354 se
438 1314 563 1358 causam
585 1295 701 1358 hahent
723 1315 780 1357 cur
803 1294 882 1366 sint;
921 1290 1033 1356 dicitur
1059 1273 1140 1354 eriiru

135 1393 254 1478 aliquid
273 1389 342 1458 esse
362 1396 395 1460 in
416 1409 526 1461 nostra
546 1409 703 1480 potestate
732 1400 775 1462 ob
797 1397 845 1460 ius
872 1396 949 1460 illud
973 1417 1031 1476 per
1053 1397 1140 1478 quod

134 1519 192 1562 nos
217 1498 326 1560 talium
344 1499 515 1562 dominium
532 1503 701 1578 habemus,
725 1524 790 1567 non
811 1512 913 1564 autem
934 1511 1065 1562 externa
1083 1496 1140 1562 ali-

135 1624 195 1685 qua
222 1623 334 1678 causa,
373 1615 404 1665 et
430 1603 490 1666 ista
516 1626 581 1668 non
606 1605 672 1668 siue
695 1627 789 1668 cansa
814 1605 982 1678 oriuntur,
1021 1599 1138 1684 quippe

134 1726 215 1788 quiae
232 1704 317 1768 intra
333 1727 393 1768 nos
412 1728 537 1770 causam
554 1709 702 1772 habeant.
726 1710 835 1772 Homo
854 1707 935 1771 enim
950 1703 1138 1788 principium
1229 1787 1232 1792 Ι

135 1821 165 1871 et
182 1829 279 1871 causa
293 1829 405 1872 eornm
417 1832 496 1894 quae
507 1833 567 1894 per
580 1811 683 1894 ipsum
702 1824 857 1897 aguntur,
882 1822 913 1884 et
926 1812 991 1873 hoe
1004 1818 1052 1872 est
1067 1828 1138 1870 esse

135 1911 306 1988 hominem,
331 1933 442 1977 eornm
463 1936 544 1998 quae
564 1915 629 2000 agit
648 1914 838 1998 principium
856 1913 938 1980 intra
952 1933 986 1976 se
1004 1913 1135 1986 habere,

133 2015 214 2078 sicut
243 2017 308 2080 hoc
337 2029 385 2078 est
418 2017 551 2102 glolpnm
577 2040 644 2081 esse
666 2017 697 2082 iu
720 2017 834 2081 declivi
855 2016 1020 2081 volutatim
1044 2014 1136 2078 ferri.

134 2119 314 2202 Propterea
341 2141 448 2183 rerum
477 2119 608 2183 aliarum
631 2141 836 2204 unaquaeque
861 2121 1002 2203 sequitur
1027 2139 1136 2180 causas

133 2221 328 2285 extrinsecus
356 2223 456 2306 ipsam
478 2226 686 2300 obsedentes,
718 2235 749 2288 at
773 2245 837 2288 non
860 2235 891 2301 et
911 2221 1032 2297 homo,
1063 2219 1137 2304 quia

133 2326 211 2388 haec
232 2325 365 2407 propria
394 2339 442 2389 est
467 2326 531 2390 eius
554 2341 686 2403 natura,
722 2329 840 2390 habere
861 2327 943 2390 iutra
965 2348 1001 2389 se
1024 2323 1137 2410 agendi

134 2450 259 2492 causam
277 2440 373 2511 atque
390 2425 600 2512 principium,
624 2451 691 2493 uon
713 2443 815 2493 autem
837 2451 963 2512 semper
980 2442 1011 2492 et
1035 2415 1148 2492 omni-¹

132 2553 173 2596 no
200 2530 290 2614 sequi
316 2552 375 2608 ea,
410 2555 491 2616 quae
518 2534 711 2598 extrinsecus
743 2534 985 2597 circumsistunt.
1041 2532 1137 2612 Quod

132 2634 158 2696 si
177 2646 324 2699 nostrum
349 2637 387 2698 de
412 2637 540 2722 agendis
560 2637 707 2704 iudicium
729 2659 854 2720 semper
871 2639 909 2698 ad
930 2657 1026 2700 unum
1048 2633 1137 2716 quasi

131 2729 333 2820 propositum
348 2738 472 2823 signum
487 2739 694 2825 dirigeretur,
717 2753 826 2822 posset
841 2741 926 2804 sorte
945 2762 1015 2804 cum
1032 2737 1136 2820 specie

132 2837 213 2916 dici,
250 2843 288 2902 de
311 2841 421 2904 iisdem
446 2841 528 2904 idem
551 2866 619 2907 esse
640 2844 799 2907 indicium.
845 2845 938 2906 Nunc
964 2863 1043 2906 vero
1066 2863 1135 2904 cum

131 2944 221 3008 aliter
243 2967 278 3008 se
300 2966 351 3007 res
369 2947 483 3009 hebeat
498 2947 674 3032 (deligimus
692 2947 772 3008 enim
796 2969 834 3009 ea
856 2969 935 3030 quae
951 2939 1133 3030 deligimus,

130 3072 213 3112 nune
242 3048 368 3132 quidem
399 3060 534 3131 propter
563 3051 752 3125 honestum,
786 3072 870 3112 nnnc
895 3070 973 3112 vero
1001 3060 1136 3130 propter

130 3153 161 3215 id
180 3147 270 3236 quod
289 3173 387 3216 suave
407 3165 470 3228 est,
495 3175 590 3236 saepe
613 3165 645 3216 et
669 3165 804 3236 propter
830 3152 1015 3216 utilitatem:
1047 3164 1134 3214 etex

130 3257 177 3318 his
191 3279 257 3320 non
279 3258 386 3319 eadem
406 3256 507 3318 fluunt
529 3259 654 3337 effecta)
677 3279 715 3321 co
745 3258 781 3319 fit
805 3269 840 3320 ut
863 3278 946 3318 nunc
968 3257 1135 3318 honestum

125 3350 332 3442 respicientes
354 3363 392 3422 de
413 3358 453 3423 iis
474 3361 605 3442 quaein
630 3371 803 3444 conspectu
832 3343 927 3434 sunt,
957 3359 1021 3422 hoe
1042 3378 1134 3438 prae-

129 3461 280 3538 feramus,
303 3463 459 3526 interdum
482 3461 564 3524 aliud
585 3464 638 3527 ubi
657 3467 696 3526 ad
718 3463 793 3526 utile
817 3475 869 3525 aut
891 3464 929 3524 ad
944 3481 1040 3524 sttave
1055 3459 1133 3523 iudi·

131 3566 211 3630 cium
237 3567 400 3630 vertimus.
446 3567 534 3628 Sicut
557 3566 637 3628 enim
661 3567 750 3630 aliam
769 3589 833 3630 non
856 3566 1032 3650 quaerimus
1060 3587 1132 3627 cau·
1209 3552 1212 3556 ’

130 3691 219 3746 sam,
254 3692 314 3753 pet·
334 3693 427 3754 quam
447 3683 534 3732 terra
551 3693 607 3732 sua
632 3671 787 3754 gravitate
820 3675 966 3734 deorsum
989 3669 1132 3741 seratur,

131 3788 259 3858 aut'per
276 3769 371 3856 quam
394 3774 531 3836 animans
556 3767 596 3834 e'x
619 3773 775 3854 appetitus
798 3775 939 3840 motione
960 3783 1034 3856 agat
1055 3791 1134 3853 quae

133 3880 195 3963 agit
209 3905 235 3956 ,.·
257 3878 329 3944 ideo
343 3911 348 3928 «
363 3881 450 3962 quod
474 3879 722 3962 unumquodque
752 3899 861 3942 corum
886 3870 1011 3942 causam
1037 3875 1073 3936 de
1100 3893 1133 3966 se
