<?xml version="1.0" encoding="UTF-8"?>
<!DOCTYPE html PUBLIC "-//W3C//DTD XHTML 1.0 Transitional//EN"
    "http://www.w3.org/TR/xhtml1/DTD/xhtml1-transitional.dtd">
<html xmlns="http://www.w3.org/1999/xhtml" xml:lang="en" lang="en">
 <head>
  <title>
</title>
<meta http-equiv="Content-Type" content="text/html;charset=utf-8" />
  <meta name='ocr-system' content='tesseract 3.04.00' />
  <meta name='ocr-capabilities' content='ocr_page ocr_carea ocr_par ocr_line ocrx_word'/>
</head>
<body>
  <div class='ocr_page' id='page_1' title='image "./alexandriaphrod01bardgoog_0044.png"; bbox 0 0 2828 4792; ppageno 0'>
   <div class='ocr_carea' id='block_1_1' title="bbox 1080 429 1161 509">
    <p class='ocr_par' dir='ltr' id='par_1_1' title="bbox 1080 429 1161 509">
     <span class='ocr_line' id='line_1_1' title="bbox 1080 429 1161 509; baseline 0.148 -12"><span class='ocrx_word' id='word_1_1' title='bbox 1080 429 1161 509; x_wconf 70' lang='lat'><strong>29.</strong></span> 
     </span>
    </p>
   </div>
   <div class='ocr_carea' id='block_1_2' title="bbox 109 594 1131 1202">
    <p class='ocr_par' dir='ltr' id='par_1_2' title="bbox 109 594 1131 1202">
     <span class='ocr_line' id='line_1_2' title="bbox 111 594 1121 689; baseline 0.009 -29"><span class='ocrx_word' id='word_1_2' title='bbox 111 595 184 660; x_wconf 81' lang='lat' dir='ltr'><strong>lieri</strong></span> <span class='ocrx_word' id='word_1_3' title='bbox 206 605 324 661; x_wconf 84' lang='lat' dir='ltr'><strong>etnon</strong></span> <span class='ocrx_word' id='word_1_4' title='bbox 345 594 433 673; x_wconf 78' lang='lat' dir='ltr'><strong>fleri,</strong></span> <span class='ocrx_word' id='word_1_5' title='bbox 468 597 555 682; x_wconf 87' lang='lat' dir='ltr'><strong>quod</strong></span> <span class='ocrx_word' id='word_1_6' title='bbox 575 607 609 662; x_wconf 89' lang='lat' dir='ltr'><strong>et</strong></span> <span class='ocrx_word' id='word_1_7' title='bbox 630 617 727 663; x_wconf 84' lang='lat' dir='ltr'><strong>voces</strong></span> <span class='ocrx_word' id='word_1_8' title='bbox 748 597 820 669; x_wconf 77' lang='lat' dir='ltr'><strong>illae</strong></span> <span class='ocrx_word' id='word_1_9' title='bbox 847 611 1121 689; x_wconf 85' lang='lat' dir='ltr'><strong>utrocumque</strong></span> 
     </span>
     <span class='ocr_line' id='line_1_3' title="bbox 110 699 1121 789; baseline 0.009 -27"><span class='ocrx_word' id='word_1_10' title='bbox 110 721 179 764; x_wconf 87' lang='lat' dir='ltr'><strong>res</strong></span> <span class='ocrx_word' id='word_1_11' title='bbox 202 699 423 778; x_wconf 73' lang='lat' dir='ltr'>ceciderit,</span> <span class='ocrx_word' id='word_1_12' title='bbox 452 702 632 766; x_wconf 85' lang='lat' dir='ltr'><strong>ostendunt.</strong></span> <span class='ocrx_word' id='word_1_13' title='bbox 676 703 722 766; x_wconf 86' lang='lat' dir='ltr'><strong>At</strong></span> <span class='ocrx_word' id='word_1_14' title='bbox 743 725 823 770; x_wconf 81' lang='lat' dir='ltr'><strong>vero</strong></span> <span class='ocrx_word' id='word_1_15' title='bbox 845 725 926 789; x_wconf 81' lang='lat' dir='ltr'><strong>quae</strong></span> <span class='ocrx_word' id='word_1_16' title='bbox 948 728 989 770; x_wconf 84' lang='lat' dir='ltr'><strong>ex</strong></span> <span class='ocrx_word' id='word_1_17' title='bbox 1009 728 1121 770; x_wconf 88' lang='lat' dir='ltr'><strong>neces·</strong></span> 
     </span>
     <span class='ocr_line' id='line_1_4' title="bbox 109 803 1122 888; baseline 0.006 -21"><span class='ocrx_word' id='word_1_18' title='bbox 109 805 206 867; x_wconf 75' lang='lat' dir='ltr'><strong>ritate</strong></span> <span class='ocrx_word' id='word_1_19' title='bbox 226 803 324 880; x_wconf 86' lang='lat' dir='ltr'><strong>fiunt,</strong></span> <span class='ocrx_word' id='word_1_20' title='bbox 357 825 393 868; x_wconf 88' lang='lat' dir='ltr'><strong>ea</strong></span> <span class='ocrx_word' id='word_1_21' title='bbox 412 825 479 868; x_wconf 86' lang='lat' dir='ltr'><strong>non</strong></span> <span class='ocrx_word' id='word_1_22' title='bbox 499 815 634 885; x_wconf 81' lang='lat' dir='ltr'>possunt</span> <span class='ocrx_word' id='word_1_23' title='bbox 655 825 721 869; x_wconf 89' lang='lat' dir='ltr'><strong>non</strong></span> <span class='ocrx_word' id='word_1_24' title='bbox 742 805 825 870; x_wconf 79' lang='lat' dir='ltr'><strong>fieri.</strong></span> <span class='ocrx_word' id='word_1_25' title='bbox 869 809 995 873; x_wconf 86' lang='lat' dir='ltr'><strong>Vocem</strong></span> <span class='ocrx_word' id='word_1_26' title='bbox 1018 821 1122 888; x_wconf 82' lang='lat' dir='ltr'><strong>autem</strong></span> 
     </span>
     <span class='ocr_line' id='line_1_5' title="bbox 110 905 1122 994; baseline 0.006 -24"><span class='ocrx_word' id='word_1_27' title='bbox 110 905 284 970; x_wconf 82' lang='lat' dir='ltr'><strong>necessarii</strong></span> <span class='ocrx_word' id='word_1_28' title='bbox 304 927 369 971; x_wconf 87' lang='lat' dir='ltr'><strong>non</strong></span> <span class='ocrx_word' id='word_1_29' title='bbox 390 907 443 969; x_wconf 92' lang='lat' dir='ltr'><strong>hic</strong></span> <span class='ocrx_word' id='word_1_30' title='bbox 463 927 589 988; x_wconf 90' lang='lat' dir='ltr'><strong>usurpo</strong></span> <span class='ocrx_word' id='word_1_31' title='bbox 609 910 649 970; x_wconf 91' lang='lat' dir='ltr'><strong>dc</strong></span> <span class='ocrx_word' id='word_1_32' title='bbox 668 909 723 986; x_wconf 89' lang='lat' dir='ltr'><strong>iis,</strong></span> <span class='ocrx_word' id='word_1_33' title='bbox 753 931 834 994; x_wconf 84' lang='lat' dir='ltr'><strong>qnae</strong></span> <span class='ocrx_word' id='word_1_34' title='bbox 855 931 915 994; x_wconf 90' lang='lat' dir='ltr'><strong>per</strong></span> <span class='ocrx_word' id='word_1_35' title='bbox 937 911 1122 976; x_wconf 82' lang='lat' dir='ltr'><strong>violentiam</strong></span> 
     </span>
     <span class='ocr_line' id='line_1_6' title="bbox 109 1007 1131 1098; baseline 0.008 -26"><span class='ocrx_word' id='word_1_36' title='bbox 109 1011 203 1086; x_wconf 89' lang='lat' dir='ltr'><strong>fiunt,</strong></span> <span class='ocrx_word' id='word_1_37' title='bbox 229 1029 289 1072; x_wconf 87' lang='lat' dir='ltr'><strong>nec</strong></span> <span class='ocrx_word' id='word_1_38' title='bbox 310 1008 476 1091; x_wconf 82' lang='lat' dir='ltr'><strong>quisquam</strong></span> <span class='ocrx_word' id='word_1_39' title='bbox 497 1007 541 1074; x_wconf 81' lang='lat' dir='ltr'><strong>ite</strong></span> <span class='ocrx_word' id='word_1_40' title='bbox 561 1011 626 1072; x_wconf 91' lang='lat' dir='ltr'><strong>hoc</strong></span> <span class='ocrx_word' id='word_1_41' title='bbox 646 1033 760 1079; x_wconf 86' lang='lat' dir='ltr'><strong>nomen</strong></span> <span class='ocrx_word' id='word_1_42' title='bbox 776 1013 920 1098; x_wconf 89' lang='lat' dir='ltr'><strong>accipere</strong></span> <span class='ocrx_word' id='word_1_43' title='bbox 935 1017 1042 1092; x_wconf 89' lang='lat' dir='ltr'><strong>debet,</strong></span> <span class='ocrx_word' id='word_1_44' title='bbox 1066 1010 1131 1080; x_wconf 75' lang='lat' dir='ltr'><strong>set?</strong></span> 
     </span>
     <span class='ocr_line' id='line_1_7' title="bbox 110 1111 1123 1202; baseline 0.006 -25"><span class='ocrx_word' id='word_1_45' title='bbox 110 1118 148 1177; x_wconf 83' lang='lat' dir='ltr'><strong>de</strong></span> <span class='ocrx_word' id='word_1_46' title='bbox 181 1111 219 1175; x_wconf 89' lang='lat' dir='ltr'><strong>iis</strong></span> <span class='ocrx_word' id='word_1_47' title='bbox 253 1132 334 1195; x_wconf 88' lang='lat' dir='ltr'><strong>quae</strong></span> <span class='ocrx_word' id='word_1_48' title='bbox 361 1111 547 1175; x_wconf 82' lang='lat' dir='ltr'><strong>naturaliter</strong></span> <span class='ocrx_word' id='word_1_49' title='bbox 575 1114 616 1176; x_wconf 83' lang='lat' dir='ltr'><strong>ab</strong></span> <span class='ocrx_word' id='word_1_50' title='bbox 645 1114 801 1197; x_wconf 81' lang='lat' dir='ltr'>aliquibus</span> <span class='ocrx_word' id='word_1_51' title='bbox 834 1117 935 1193; x_wconf 87' lang='lat' dir='ltr'><strong>fiunt,</strong></span> <span class='ocrx_word' id='word_1_52' title='bbox 984 1139 1123 1202; x_wconf 86' lang='lat' dir='ltr'><strong>quornm</strong></span> 
     </span>
    </p>
   </div>
   <div class='ocr_carea' id='block_1_3' title="bbox 109 1213 1224 1300">
    <p class='ocr_par' dir='ltr' id='par_1_3' title="bbox 109 1213 1224 1300">
     <span class='ocr_line' id='line_1_8' title="bbox 109 1213 1224 1300; baseline 0.004 -20"><span class='ocrx_word' id='word_1_53' title='bbox 109 1216 331 1300; x_wconf 80' lang='lat' dir='ltr'><strong>contraposita</strong></span> <span class='ocrx_word' id='word_1_54' title='bbox 357 1213 428 1279; x_wconf 83' lang='lat' dir='ltr'><strong>fieri</strong></span> <span class='ocrx_word' id='word_1_55' title='bbox 455 1226 627 1298; x_wconf 86' lang='lat' dir='ltr'><strong>nequeunt.</strong></span> <span class='ocrx_word' id='word_1_56' title='bbox 672 1217 716 1279; x_wconf 89' lang='lat' dir='ltr'><strong>Et</strong></span> <span class='ocrx_word' id='word_1_57' title='bbox 745 1221 907 1300; x_wconf 86' lang='lat' dir='ltr'><strong>quomodo</strong></span> <span class='ocrx_word' id='word_1_58' title='bbox 936 1241 1001 1283; x_wconf 90' lang='lat' dir='ltr'><strong>non</strong></span> <span class='ocrx_word' id='word_1_59' title='bbox 1024 1222 1122 1286; x_wconf 81' lang='lat' dir='ltr'><strong>abso·</strong></span> <span class='ocrx_word' id='word_1_60' title='bbox 1222 1213 1224 1216; x_wconf 58' lang='grc'><strong>’</strong></span> 
     </span>
    </p>
   </div>
   <div class='ocr_carea' id='block_1_4' title="bbox 108 1316 1197 1502">
    <p class='ocr_par' dir='ltr' id='par_1_4' title="bbox 108 1316 1197 1502">
     <span class='ocr_line' id='line_1_9' title="bbox 108 1316 1122 1404; baseline 0 -18"><span class='ocrx_word' id='word_1_61' title='bbox 108 1341 186 1386; x_wconf 88' lang='lat' dir='ltr'><strong>num</strong></span> <span class='ocrx_word' id='word_1_62' title='bbox 214 1319 256 1384; x_wconf 90' lang='lat' dir='ltr'><strong>sit</strong></span> <span class='ocrx_word' id='word_1_63' title='bbox 283 1329 315 1382; x_wconf 90' lang='lat' dir='ltr'><strong>et</strong></span> <span class='ocrx_word' id='word_1_64' title='bbox 342 1330 455 1383; x_wconf 83' lang='lat' dir='ltr'><strong>contra</strong></span> <span class='ocrx_word' id='word_1_65' title='bbox 482 1316 745 1390; x_wconf 83' lang='lat' dir='ltr'><strong>rei&#39;evidentiam</strong></span> <span class='ocrx_word' id='word_1_66' title='bbox 774 1321 856 1384; x_wconf 84' lang='lat' dir='ltr'><strong>velle</strong></span> <span class='ocrx_word' id='word_1_67' title='bbox 878 1341 919 1385; x_wconf 87' lang='lat' dir='ltr'><strong>eo</strong></span> <span class='ocrx_word' id='word_1_68' title='bbox 939 1343 1040 1404; x_wconf 86' lang='lat' dir='ltr'><strong>usqne</strong></span> <span class='ocrx_word' id='word_1_69' title='bbox 1061 1343 1122 1386; x_wconf 81' lang='lat' dir='ltr'><strong>ne-</strong></span> 
     </span>
     <span class='ocr_line' id='line_1_10' title="bbox 108 1421 1197 1502; baseline 0.002 -16"><span class='ocrx_word' id='word_1_70' title='bbox 108 1422 291 1488; x_wconf 87' lang='lat' dir='ltr'><strong>cessitatem</strong></span> <span class='ocrx_word' id='word_1_71' title='bbox 323 1423 516 1498; x_wconf 72' lang='lat' dir='ltr'><strong>extendere,</strong></span> <span class='ocrx_word' id='word_1_72' title='bbox 559 1432 595 1486; x_wconf 93' lang='lat' dir='ltr'><strong>ut</strong></span> <span class='ocrx_word' id='word_1_73' title='bbox 622 1421 709 1486; x_wconf 86' lang='lat' dir='ltr'><strong>nulla</strong></span> <span class='ocrx_word' id='word_1_74' title='bbox 740 1421 842 1488; x_wconf 88' lang='lat' dir='ltr'><strong>motio</strong></span> <span class='ocrx_word' id='word_1_75' title='bbox 870 1423 991 1488; x_wconf 81' lang='lat' dir='ltr'><strong>dicatur</strong></span> <span class='ocrx_word' id='word_1_76' title='bbox 1024 1424 1118 1502; x_wconf 82' lang='lat' dir='ltr'><strong>fieri,</strong></span> <span class='ocrx_word' id='word_1_77' title='bbox 1194 1450 1197 1456; x_wconf 47' lang='lat'><strong>¹</strong></span> 
     </span>
    </p>
   </div>
   <div class='ocr_carea' id='block_1_5' title="bbox 108 1521 1309 1610">
    <p class='ocr_par' dir='ltr' id='par_1_5' title="bbox 108 1521 1309 1610">
     <span class='ocr_line' id='line_1_11' title="bbox 108 1521 1309 1610; baseline 0 -20"><span class='ocrx_word' id='word_1_78' title='bbox 108 1528 232 1590; x_wconf 88' lang='lat' dir='ltr'><strong>nullum</strong></span> <span class='ocrx_word' id='word_1_79' title='bbox 253 1527 429 1592; x_wconf 76' lang='lat' dir='ltr'><strong>membrum</strong></span> <span class='ocrx_word' id='word_1_80' title='bbox 460 1521 606 1602; x_wconf 84' lang='lat' dir='ltr'><strong>moveri,</strong></span> <span class='ocrx_word' id='word_1_81' title='bbox 644 1526 738 1608; x_wconf 80' lang='lat' dir='ltr'><strong>(quae</strong></span> <span class='ocrx_word' id='word_1_82' title='bbox 771 1525 872 1590; x_wconf 86' lang='lat' dir='ltr'><strong>motio</strong></span> <span class='ocrx_word' id='word_1_83' title='bbox 893 1527 1035 1610; x_wconf 86' lang='lat' dir='ltr'><strong>potuerit</strong></span> <span class='ocrx_word' id='word_1_84' title='bbox 1053 1548 1120 1591; x_wconf 86' lang='lat' dir='ltr'><strong>noo</strong></span> <span class='ocrx_word' id='word_1_85' title='bbox 1229 1559 1231 1572; x_wconf 85' lang='lat'>·</span> <span class='ocrx_word' id='word_1_86' title='bbox 1303 1546 1309 1559; x_wconf 88' lang='lat'><strong>·</strong></span> 
     </span>
    </p>
   </div>
   <div class='ocr_carea' id='block_1_6' title="bbox 107 1625 1125 2537">
    <p class='ocr_par' dir='ltr' id='par_1_6' title="bbox 107 1625 1125 2537">
     <span class='ocr_line' id='line_1_12' title="bbox 107 1625 1125 1714; baseline 0 -20"><span class='ocrx_word' id='word_1_87' title='bbox 107 1631 181 1694; x_wconf 85' lang='lat' dir='ltr'><strong>lieri</strong></span> <span class='ocrx_word' id='word_1_88' title='bbox 201 1633 267 1695; x_wconf 93' lang='lat' dir='ltr'><strong>hoc</strong></span> <span class='ocrx_word' id='word_1_89' title='bbox 288 1629 320 1694; x_wconf 88' lang='lat' dir='ltr'><strong>iu</strong></span> <span class='ocrx_word' id='word_1_90' title='bbox 334 1625 488 1709; x_wconf 85' lang='lat' dir='ltr'><strong>temporis</strong></span> <span class='ocrx_word' id='word_1_91' title='bbox 506 1625 639 1692; x_wconf 85' lang='lat' dir='ltr'><strong>articulo</strong></span> <span class='ocrx_word' id='word_1_92' title='bbox 652 1629 678 1708; x_wconf 87' lang='lat'><strong>‚)</strong></span> <span class='ocrx_word' id='word_1_93' title='bbox 699 1629 756 1692; x_wconf 86' lang='lat' dir='ltr'><strong>sed</strong></span> <span class='ocrx_word' id='word_1_94' title='bbox 771 1627 1030 1714; x_wconf 80' lang='lat' dir='ltr'><strong>qualemcumque</strong></span> <span class='ocrx_word' id='word_1_95' title='bbox 1045 1627 1125 1696; x_wconf 85' lang='lat' dir='ltr'><strong>colli</strong></span> 
     </span>
     <span class='ocr_line' id='line_1_13' title="bbox 108 1729 1121 1816; baseline 0 -19"><span class='ocrx_word' id='word_1_96' title='bbox 108 1732 375 1808; x_wconf 83' lang='lat' dir='ltr'><strong>conversionem,</strong></span> <span class='ocrx_word' id='word_1_97' title='bbox 399 1741 454 1794; x_wconf 85' lang='lat' dir='ltr'><strong>aut</strong></span> <span class='ocrx_word' id='word_1_98' title='bbox 474 1729 689 1794; x_wconf 81' lang='lat' dir='ltr'><strong>extensionem</strong></span> <span class='ocrx_word' id='word_1_99' title='bbox 711 1729 818 1816; x_wconf 78' lang='lat' dir='ltr'><strong>digiti,</strong></span> <span class='ocrx_word' id='word_1_100' title='bbox 844 1743 897 1796; x_wconf 78' lang='lat' dir='ltr'><strong>aut</strong></span> <span class='ocrx_word' id='word_1_101' title='bbox 910 1731 1121 1798; x_wconf 83' lang='lat' dir='ltr'><strong>elevationem</strong></span> 
     </span>
     <span class='ocr_line' id='line_1_14' title="bbox 108 1825 1123 1920; baseline -0.002 -20"><span class='ocrx_word' id='word_1_102' title='bbox 108 1825 362 1920; x_wconf 59' lang='lat' dir='ltr'><strong>palpebrarum</strong></span> <span class='ocrx_word' id='word_1_103' title='bbox 385 1844 418 1896; x_wconf 94' lang='lat' dir='ltr'><strong>et</strong></span> <span class='ocrx_word' id='word_1_104' title='bbox 439 1833 466 1898; x_wconf 85' lang='lat' dir='ltr'><strong>si</strong></span> <span class='ocrx_word' id='word_1_105' title='bbox 487 1853 551 1918; x_wconf 79' lang='lat' dir='ltr'><strong>que</strong></span> <span class='ocrx_word' id='word_1_106' title='bbox 571 1845 645 1898; x_wconf 84' lang='lat' dir='ltr'><strong>sunt</strong></span> <span class='ocrx_word' id='word_1_107' title='bbox 665 1833 714 1898; x_wconf 88' lang='lat' dir='ltr'><strong>his</strong></span> <span class='ocrx_word' id='word_1_108' title='bbox 735 1833 869 1914; x_wconf 85' lang='lat' dir='ltr'><strong>similia,</strong></span> <span class='ocrx_word' id='word_1_109' title='bbox 903 1835 1057 1919; x_wconf 86' lang='lat' dir='ltr'><strong>consequi</strong></span> <span class='ocrx_word' id='word_1_110' title='bbox 1077 1855 1123 1900; x_wconf 75' lang='lat' dir='ltr'><strong>ex</strong></span> 
     </span>
     <span class='ocr_line' id='line_1_15' title="bbox 108 1935 1122 2023; baseline -0.005 -17"><span class='ocrx_word' id='word_1_111' title='bbox 108 1940 213 2006; x_wconf 69' lang='lat' dir='ltr'><strong>musis</strong></span> <span class='ocrx_word' id='word_1_112' title='bbox 236 1936 445 2023; x_wconf 86' lang='lat' dir='ltr'><strong>antegressis,</strong></span> <span class='ocrx_word' id='word_1_113' title='bbox 477 1935 609 2000; x_wconf 79' lang='lat' dir='ltr'><strong>anobis</strong></span> <span class='ocrx_word' id='word_1_114' title='bbox 636 1947 738 2002; x_wconf 76' lang='lat' dir='ltr'><strong>autem</strong></span> <span class='ocrx_word' id='word_1_115' title='bbox 759 1949 873 2004; x_wconf 89' lang='lat' dir='ltr'><strong>nostro</strong></span> <span class='ocrx_word' id='word_1_116' title='bbox 894 1937 1028 2002; x_wconf 81' lang='lat' dir='ltr'><strong>arbitrio</strong></span> <span class='ocrx_word' id='word_1_117' title='bbox 1047 1935 1122 2002; x_wconf 87' lang='lat' dir='ltr'><strong>fieri</strong></span> 
     </span>
     <span class='ocr_line' id='line_1_16' title="bbox 108 2039 1121 2129; baseline -0.003 -21"><span class='ocrx_word' id='word_1_118' title='bbox 108 2062 271 2129; x_wconf 74' lang='lat' dir='ltr'><strong>nunquam</strong></span> <span class='ocrx_word' id='word_1_119' title='bbox 292 2039 414 2125; x_wconf 80' lang='lat' dir='ltr'><strong>posse?</strong></span> <span class='ocrx_word' id='word_1_120' title='bbox 451 2040 497 2104; x_wconf 89' lang='lat' dir='ltr'><strong>Et</strong></span> <span class='ocrx_word' id='word_1_121' title='bbox 516 2040 596 2103; x_wconf 83' lang='lat' dir='ltr'><strong>haee</strong></span> <span class='ocrx_word' id='word_1_122' title='bbox 616 2041 659 2104; x_wconf 84' lang='lat' dir='ltr'><strong>ab</strong></span> <span class='ocrx_word' id='word_1_123' title='bbox 679 2040 719 2103; x_wconf 90' lang='lat' dir='ltr'><strong>iis</strong></span> <span class='ocrx_word' id='word_1_124' title='bbox 740 2039 904 2118; x_wconf 76' lang='lat' dir='ltr'><strong>dlcimtur,</strong></span> <span class='ocrx_word' id='word_1_125' title='bbox 936 2041 991 2124; x_wconf 92' lang='lat' dir='ltr'><strong>qui</strong></span> <span class='ocrx_word' id='word_1_126' title='bbox 1011 2041 1121 2106; x_wconf 85' lang='lat' dir='ltr'><strong>vident</strong></span> 
     </span>
     <span class='ocr_line' id='line_1_17' title="bbox 107 2133 1121 2230; baseline -0.003 -19"><span class='ocrx_word' id='word_1_127' title='bbox 107 2147 139 2215; x_wconf 91' lang='lat' dir='ltr'><strong>in</strong></span> <span class='ocrx_word' id='word_1_128' title='bbox 162 2145 214 2211; x_wconf 86' lang='lat' dir='ltr'><strong>his</strong></span> <span class='ocrx_word' id='word_1_129' title='bbox 235 2165 316 2230; x_wconf 83' lang='lat' dir='ltr'><strong>quae</strong></span> <span class='ocrx_word' id='word_1_130' title='bbox 337 2154 410 2207; x_wconf 81' lang='lat' dir='ltr'><strong>srmt</strong></span> <span class='ocrx_word' id='word_1_131' title='bbox 435 2141 597 2226; x_wconf 85' lang='lat' dir='ltr'><strong>fiuntque,</strong></span> <span class='ocrx_word' id='word_1_132' title='bbox 633 2140 812 2205; x_wconf 79' lang='lat' dir='ltr'><strong>innumeras</strong></span> <span class='ocrx_word' id='word_1_133' title='bbox 840 2163 910 2206; x_wconf 87' lang='lat' dir='ltr'><strong>esse</strong></span> <span class='ocrx_word' id='word_1_134' title='bbox 938 2133 1048 2208; x_wconf 74' lang='lat' dir='ltr'><strong>remim</strong></span> <span class='ocrx_word' id='word_1_135' title='bbox 1070 2139 1121 2208; x_wconf 48' lang='lat' dir='ltr'><strong>di&amp;</strong></span> 
     </span>
     <span class='ocr_line' id='line_1_18' title="bbox 108 2243 1120 2328; baseline -0.006 -14"><span class='ocrx_word' id='word_1_136' title='bbox 108 2250 300 2326; x_wconf 82' lang='lat' dir='ltr'><strong>versitates,</strong></span> <span class='ocrx_word' id='word_1_137' title='bbox 338 2249 420 2312; x_wconf 89' lang='lat' dir='ltr'><strong>unde</strong></span> <span class='ocrx_word' id='word_1_138' title='bbox 441 2257 602 2328; x_wconf 87' lang='lat' dir='ltr'><strong>promtum</strong></span> <span class='ocrx_word' id='word_1_139' title='bbox 624 2243 665 2308; x_wconf 90' lang='lat' dir='ltr'><strong>sit</strong></span> <span class='ocrx_word' id='word_1_140' title='bbox 685 2245 807 2310; x_wconf 76' lang='lat' dir='ltr'><strong>discere</strong></span> <span class='ocrx_word' id='word_1_141' title='bbox 828 2265 894 2309; x_wconf 90' lang='lat' dir='ltr'><strong>non</strong></span> <span class='ocrx_word' id='word_1_142' title='bbox 917 2245 1021 2314; x_wconf 88' lang='lat' dir='ltr'><strong>omnia</strong></span> <span class='ocrx_word' id='word_1_143' title='bbox 1040 2247 1120 2310; x_wconf 82' lang='lat' dir='ltr'><strong>sub·</strong></span> 
     </span>
     <span class='ocr_line' id='line_1_19' title="bbox 108 2347 1119 2434; baseline -0.004 -16"><span class='ocrx_word' id='word_1_144' title='bbox 108 2354 216 2419; x_wconf 80' lang='lat' dir='ltr'><strong>iacere</strong></span> <span class='ocrx_word' id='word_1_145' title='bbox 244 2352 361 2414; x_wconf 82' lang='lat' dir='ltr'><strong>talibus</strong></span> <span class='ocrx_word' id='word_1_146' title='bbox 392 2348 507 2415; x_wconf 70' lang='lat' dir='ltr'><strong>cornu.</strong></span> <span class='ocrx_word' id='word_1_147' title='bbox 564 2347 717 2413; x_wconf 86' lang='lat' dir='ltr'><strong>Videmus</strong></span> <span class='ocrx_word' id='word_1_148' title='bbox 750 2349 870 2414; x_wconf 88' lang='lat' dir='ltr'><strong>seilieet</strong></span> <span class='ocrx_word' id='word_1_149' title='bbox 888 2371 1009 2414; x_wconf 78' lang='lat' dir='ltr'><strong>eorum</strong></span> <span class='ocrx_word' id='word_1_150' title='bbox 1039 2371 1119 2434; x_wconf 81' lang='lat' dir='ltr'><strong>quae</strong></span> 
     </span>
     <span class='ocr_line' id='line_1_20' title="bbox 109 2449 1119 2537; baseline -0.003 -16"><span class='ocrx_word' id='word_1_151' title='bbox 109 2457 253 2522; x_wconf 86' lang='lat' dir='ltr'><strong>existunt</strong></span> <span class='ocrx_word' id='word_1_152' title='bbox 289 2454 476 2537; x_wconf 84' lang='lat' dir='ltr'><strong>quibusdam</strong></span> <span class='ocrx_word' id='word_1_153' title='bbox 507 2449 624 2518; x_wconf 86' lang='lat' dir='ltr'><strong>nnllam</strong></span> <span class='ocrx_word' id='word_1_154' title='bbox 656 2471 725 2515; x_wconf 87' lang='lat' dir='ltr'><strong>esse</strong></span> <span class='ocrx_word' id='word_1_155' title='bbox 757 2453 822 2516; x_wconf 86' lang='lat' dir='ltr'><strong>vim</strong></span> <span class='ocrx_word' id='word_1_156' title='bbox 853 2453 992 2518; x_wconf 83' lang='lat' dir='ltr'><strong>mutandi</strong></span> <span class='ocrx_word' id='word_1_157' title='bbox 1022 2473 1057 2516; x_wconf 91' lang='lat' dir='ltr'><strong>se</strong></span> <span class='ocrx_word' id='word_1_158' title='bbox 1084 2453 1119 2518; x_wconf 86' lang='lat' dir='ltr'><strong>io</strong></span> 
     </span>
    </p>
   </div>
   <div class='ocr_carea' id='block_1_7' title="bbox 109 2555 1232 2639">
    <p class='ocr_par' dir='ltr' id='par_1_7' title="bbox 109 2555 1232 2639">
     <span class='ocr_line' id='line_1_21' title="bbox 109 2555 1232 2639; baseline -0.004 -15"><span class='ocrx_word' id='word_1_159' title='bbox 109 2573 228 2627; x_wconf 81' lang='lat' dir='ltr'><strong>statum</strong></span> <span class='ocrx_word' id='word_1_160' title='bbox 244 2557 274 2622; x_wconf 91' lang='lat' dir='ltr'><strong>ei</strong></span> <span class='ocrx_word' id='word_1_161' title='bbox 294 2557 327 2620; x_wconf 88' lang='lat' dir='ltr'><strong>in</strong></span> <span class='ocrx_word' id='word_1_162' title='bbox 350 2577 415 2639; x_wconf 90' lang='lat' dir='ltr'><strong>quo</strong></span> <span class='ocrx_word' id='word_1_163' title='bbox 437 2575 471 2619; x_wconf 91' lang='lat' dir='ltr'><strong>se</strong></span> <span class='ocrx_word' id='word_1_164' title='bbox 492 2555 610 2618; x_wconf 84' lang='lat' dir='ltr'><strong>habent</strong></span> <span class='ocrx_word' id='word_1_165' title='bbox 631 2556 836 2634; x_wconf 73' lang='lat' dir='ltr'><strong>censuarium,</strong></span> <span class='ocrx_word' id='word_1_166' title='bbox 864 2555 923 2619; x_wconf 85' lang='lat' dir='ltr'><strong>alia</strong></span> <span class='ocrx_word' id='word_1_167' title='bbox 945 2576 1025 2618; x_wconf 84' lang='lat' dir='ltr'><strong>vero</strong></span> <span class='ocrx_word' id='word_1_168' title='bbox 1048 2577 1119 2622; x_wconf 86' lang='lat' dir='ltr'><strong>esse</strong></span> <span class='ocrx_word' id='word_1_169' title='bbox 1230 2603 1232 2610; x_wconf 19' lang='grc' dir='ltr'><em>Α</em></span> 
     </span>
    </p>
   </div>
   <div class='ocr_carea' id='block_1_8' title="bbox 108 2659 1175 4088">
    <p class='ocr_par' dir='ltr' id='par_1_8' title="bbox 108 2659 1175 4088">
     <span class='ocr_line' id='line_1_22' title="bbox 109 2659 1118 2748; baseline -0.005 -21"><span class='ocrx_word' id='word_1_170' title='bbox 109 2684 192 2748; x_wconf 79' lang='lat' dir='ltr'><strong>quae</strong></span> <span class='ocrx_word' id='word_1_171' title='bbox 222 2683 289 2726; x_wconf 89' lang='lat' dir='ltr'><strong>non</strong></span> <span class='ocrx_word' id='word_1_172' title='bbox 318 2660 418 2724; x_wconf 89' lang='lat' dir='ltr'><strong>minus</strong></span> <span class='ocrx_word' id='word_1_173' title='bbox 448 2659 533 2724; x_wconf 90' lang='lat' dir='ltr'><strong>hunc</strong></span> <span class='ocrx_word' id='word_1_174' title='bbox 564 2679 657 2742; x_wconf 80' lang='lat' dir='ltr'><strong>quam</strong></span> <span class='ocrx_word' id='word_1_175' title='bbox 685 2660 818 2724; x_wconf 80' lang='lat' dir='ltr'><strong>alterum</strong></span> <span class='ocrx_word' id='word_1_176' title='bbox 838 2670 954 2722; x_wconf 86' lang='lat' dir='ltr'><strong>statum</strong></span> <span class='ocrx_word' id='word_1_177' title='bbox 974 2659 1118 2742; x_wconf 86' lang='lat' dir='ltr'><strong>recipere</strong></span> 
     </span>
     <span class='ocr_line' id='line_1_23' title="bbox 110 2749 1118 2850; baseline -0.005 -19"><span class='ocrx_word' id='word_1_178' title='bbox 110 2777 261 2850; x_wconf 87' lang='lat' dir='ltr'><strong>possunt.</strong></span> <span class='ocrx_word' id='word_1_179' title='bbox 285 2763 377 2848; x_wconf 84' lang='lat' dir='ltr'><strong>Ignis</strong></span> <span class='ocrx_word' id='word_1_180' title='bbox 397 2760 478 2826; x_wconf 86' lang='lat' dir='ltr'><strong>euim</strong></span> <span class='ocrx_word' id='word_1_181' title='bbox 501 2781 616 2844; x_wconf 82' lang='lat' dir='ltr'><strong>cepere</strong></span> <span class='ocrx_word' id='word_1_182' title='bbox 636 2749 700 2828; x_wconf 83' lang='lat' dir='ltr'><strong>non</strong></span> <span class='ocrx_word' id='word_1_183' title='bbox 720 2774 830 2846; x_wconf 88' lang='lat' dir='ltr'><strong>potest</strong></span> <span class='ocrx_word' id='word_1_184' title='bbox 849 2762 952 2848; x_wconf 80' lang='lat' dir='ltr'><strong>frigus</strong></span> <span class='ocrx_word' id='word_1_185' title='bbox 973 2774 1010 2826; x_wconf 87' lang='lat' dir='ltr'><strong>ut</strong></span> <span class='ocrx_word' id='word_1_186' title='bbox 1031 2764 1118 2846; x_wconf 90' lang='lat' dir='ltr'><strong>quod</strong></span> 
     </span>
     <span class='ocr_line' id='line_1_24' title="bbox 110 2864 1117 2953; baseline -0.004 -21"><span class='ocrx_word' id='word_1_187' title='bbox 110 2869 213 2949; x_wconf 78' lang='lat' dir='ltr'><strong>calori</strong></span> <span class='ocrx_word' id='word_1_188' title='bbox 234 2878 411 2951; x_wconf 68' lang='lat' dir='ltr'><strong>repugnet„</strong></span> <span class='ocrx_word' id='word_1_189' title='bbox 450 2865 505 2949; x_wconf 89' lang='lat' dir='ltr'><strong>qni</strong></span> <span class='ocrx_word' id='word_1_190' title='bbox 533 2865 623 2930; x_wconf 82' lang='lat' dir='ltr'><strong>calor</strong></span> <span class='ocrx_word' id='word_1_191' title='bbox 649 2867 773 2932; x_wconf 85' lang='lat' dir='ltr'><strong>nativus</strong></span> <span class='ocrx_word' id='word_1_192' title='bbox 794 2881 843 2932; x_wconf 91' lang='lat' dir='ltr'><strong>est</strong></span> <span class='ocrx_word' id='word_1_193' title='bbox 863 2864 946 2953; x_wconf 84' lang='lat' dir='ltr'><strong>ignis</strong></span> <span class='ocrx_word' id='word_1_194' title='bbox 968 2867 1117 2950; x_wconf 83' lang='lat' dir='ltr'><strong>proprie-</strong></span> 
     </span>
     <span class='ocr_line' id='line_1_25' title="bbox 110 2968 1116 3053; baseline 0.003 -16"><span class='ocrx_word' id='word_1_195' title='bbox 110 2987 172 3037; x_wconf 81' lang='lat' dir='ltr'><strong>tas.</strong></span> <span class='ocrx_word' id='word_1_196' title='bbox 221 2972 286 3036; x_wconf 84' lang='lat' dir='ltr'><strong>Sed</strong></span> <span class='ocrx_word' id='word_1_197' title='bbox 307 2987 412 3053; x_wconf 87' lang='lat' dir='ltr'><strong>neque</strong></span> <span class='ocrx_word' id='word_1_198' title='bbox 431 2969 487 3032; x_wconf 85' lang='lat' dir='ltr'><strong>nix</strong></span> <span class='ocrx_word' id='word_1_199' title='bbox 510 2968 648 3032; x_wconf 79' lang='lat' dir='ltr'><strong>calorem</strong></span> <span class='ocrx_word' id='word_1_200' title='bbox 662 2970 810 3052; x_wconf 83' lang='lat' dir='ltr'><strong>recipiat,</strong></span> <span class='ocrx_word' id='word_1_201' title='bbox 835 2975 907 3036; x_wconf 90' lang='lat' dir='ltr'><strong>dum</strong></span> <span class='ocrx_word' id='word_1_202' title='bbox 921 2972 978 3036; x_wconf 86' lang='lat' dir='ltr'><strong>nix</strong></span> <span class='ocrx_word' id='word_1_203' title='bbox 998 2987 1116 3040; x_wconf 80' lang='lat' dir='ltr'><strong>manet.</strong></span> 
     </span>
     <span class='ocr_line' id='line_1_26' title="bbox 110 3070 1169 3160; baseline -0.001 -19"><span class='ocrx_word' id='word_1_204' title='bbox 110 3079 160 3141; x_wconf 80' lang='lat' dir='ltr'><strong>At</strong></span> <span class='ocrx_word' id='word_1_205' title='bbox 181 3095 282 3160; x_wconf 78' lang='lat' dir='ltr'><strong>equo,</strong></span> <span class='ocrx_word' id='word_1_206' title='bbox 328 3085 364 3138; x_wconf 88' lang='lat' dir='ltr'><strong>ut</strong></span> <span class='ocrx_word' id='word_1_207' title='bbox 386 3071 520 3136; x_wconf 82' lang='lat' dir='ltr'><strong>maxime</strong></span> <span class='ocrx_word' id='word_1_208' title='bbox 540 3070 660 3157; x_wconf 83' lang='lat' dir='ltr'><strong>frigida</strong></span> <span class='ocrx_word' id='word_1_209' title='bbox 680 3073 742 3150; x_wconf 86' lang='lat' dir='ltr'><strong>sit,</strong></span> <span class='ocrx_word' id='word_1_210' title='bbox 760 3133 761 3138; x_wconf 73' lang='grc'>,</span> <span class='ocrx_word' id='word_1_211' title='bbox 776 3095 841 3138; x_wconf 89' lang='lat' dir='ltr'><strong>non</strong></span> <span class='ocrx_word' id='word_1_212' title='bbox 862 3075 933 3140; x_wconf 80' lang='lat' dir='ltr'><strong>telis</strong></span> <span class='ocrx_word' id='word_1_213' title='bbox 955 3088 1004 3139; x_wconf 88' lang='lat' dir='ltr'><strong>cst</strong></span> <span class='ocrx_word' id='word_1_214' title='bbox 1024 3090 1117 3141; x_wconf 80' lang='lat' dir='ltr'><strong>natu·</strong></span> <span class='ocrx_word' id='word_1_215' title='bbox 1166 3104 1169 3116; x_wconf 61' lang='grc'><em>«</em></span> 
     </span>
     <span class='ocr_line' id='line_1_27' title="bbox 108 3176 1117 3261; baseline -0.002 -17"><span class='ocrx_word' id='word_1_216' title='bbox 108 3203 184 3259; x_wconf 82' lang='lat' dir='ltr'><strong>ree,</strong></span> <span class='ocrx_word' id='word_1_217' title='bbox 223 3191 261 3242; x_wconf 90' lang='lat' dir='ltr'><strong>ut</strong></span> <span class='ocrx_word' id='word_1_218' title='bbox 288 3188 424 3261; x_wconf 82' lang='lat' dir='ltr'><strong>nequeat</strong></span> <span class='ocrx_word' id='word_1_219' title='bbox 450 3189 504 3250; x_wconf 82' lang='lat' dir='ltr'><strong>eut</strong></span> <span class='ocrx_word' id='word_1_220' title='bbox 529 3176 634 3260; x_wconf 83' lang='lat' dir='ltr'><strong>frigus</strong></span> <span class='ocrx_word' id='word_1_221' title='bbox 660 3177 822 3254; x_wconf 81' lang='lat' dir='ltr'><strong>amittere,</strong></span> <span class='ocrx_word' id='word_1_222' title='bbox 851 3189 906 3242; x_wconf 83' lang='lat' dir='ltr'><strong>aut</strong></span> <span class='ocrx_word' id='word_1_223' title='bbox 925 3179 1117 3243; x_wconf 81' lang='lat' dir='ltr'><strong>contrariam</strong></span> 
     </span>
     <span class='ocr_line' id='line_1_28' title="bbox 109 3277 1175 3367; baseline -0.003 -19"><span class='ocrx_word' id='word_1_224' title='bbox 109 3284 140 3348; x_wconf 93' lang='lat' dir='ltr'><strong>ei</strong></span> <span class='ocrx_word' id='word_1_225' title='bbox 168 3281 370 3367; x_wconf 79' lang='lat' dir='ltr'><strong>qualitatem,</strong></span> <span class='ocrx_word' id='word_1_226' title='bbox 409 3279 442 3344; x_wconf 86' lang='lat' dir='ltr'><strong>id</strong></span> <span class='ocrx_word' id='word_1_227' title='bbox 468 3291 516 3343; x_wconf 87' lang='lat' dir='ltr'><strong>est</strong></span> <span class='ocrx_word' id='word_1_228' title='bbox 541 3277 684 3345; x_wconf 81' lang='lat' dir='ltr'><strong>calorem</strong></span> <span class='ocrx_word' id='word_1_229' title='bbox 712 3280 874 3364; x_wconf 85' lang='lat' dir='ltr'><strong>recipere:</strong></span> <span class='ocrx_word' id='word_1_230' title='bbox 920 3282 973 3345; x_wconf 82' lang='lat' dir='ltr'><strong>Sic</strong></span> <span class='ocrx_word' id='word_1_231' title='bbox 994 3293 1024 3346; x_wconf 87' lang='lat' dir='ltr'><strong>et</strong></span> <span class='ocrx_word' id='word_1_232' title='bbox 1044 3279 1117 3345; x_wconf 83' lang='lat' dir='ltr'><strong>fieri</strong></span> <span class='ocrx_word' id='word_1_233' title='bbox 1169 3281 1175 3286; x_wconf 77' lang='grc'>’</span> 
     </span>
     <span class='ocr_line' id='line_1_29' title="bbox 108 3383 1151 3472; baseline -0.005 -21"><span class='ocrx_word' id='word_1_234' title='bbox 108 3399 237 3470; x_wconf 89' lang='lat' dir='ltr'><strong>potest,</strong></span> <span class='ocrx_word' id='word_1_235' title='bbox 275 3397 312 3448; x_wconf 88' lang='lat' dir='ltr'><strong>nt</strong></span> <span class='ocrx_word' id='word_1_236' title='bbox 333 3383 516 3472; x_wconf 66' lang='lat' dir='ltr'><strong>quiscum,</strong></span> <span class='ocrx_word' id='word_1_237' title='bbox 551 3397 635 3447; x_wconf 85' lang='lat' dir='ltr'><strong>stare</strong></span> <span class='ocrx_word' id='word_1_238' title='bbox 656 3383 805 3465; x_wconf 84' lang='lat' dir='ltr'><strong>incipiet,</strong></span> <span class='ocrx_word' id='word_1_239' title='bbox 840 3384 947 3467; x_wconf 85' lang='lat' dir='ltr'><strong>etqui</strong></span> <span class='ocrx_word' id='word_1_240' title='bbox 969 3395 1116 3448; x_wconf 84' lang='lat' dir='ltr'><strong>movetur</strong></span> <span class='ocrx_word' id='word_1_241' title='bbox 1148 3387 1151 3400; x_wconf 95' lang='lat'>&#39;</span> 
     </span>
     <span class='ocr_line' id='line_1_30' title="bbox 108 3477 1126 3574; baseline -0.006 -18"><span class='ocrx_word' id='word_1_242' title='bbox 108 3491 330 3574; x_wconf 85' lang='lat' dir='ltr'><strong>requiescere,</strong></span> <span class='ocrx_word' id='word_1_243' title='bbox 365 3499 400 3558; x_wconf 83' lang='lat' dir='ltr'><strong>et</strong></span> <span class='ocrx_word' id='word_1_244' title='bbox 428 3486 482 3570; x_wconf 81' lang='lat' dir='ltr'><strong>qui</strong></span> <span class='ocrx_word' id='word_1_245' title='bbox 509 3486 616 3564; x_wconf 75' lang='lat' dir='ltr'><strong>fanu,</strong></span> <span class='ocrx_word' id='word_1_246' title='bbox 657 3499 777 3550; x_wconf 84' lang='lat' dir='ltr'><strong>tacere.</strong></span> <span class='ocrx_word' id='word_1_247' title='bbox 842 3487 950 3570; x_wconf 87' lang='lat' dir='ltr'><strong>Atque</strong></span> <span class='ocrx_word' id='word_1_248' title='bbox 978 3486 1050 3551; x_wconf 89' lang='lat' dir='ltr'><strong>ideo</strong></span> <span class='ocrx_word' id='word_1_249' title='bbox 1082 3477 1126 3550; x_wconf 72' lang='lat' dir='ltr'><strong>io⁴</strong></span> 
     </span>
     <span class='ocr_line' id='line_1_31' title="bbox 109 3587 1123 3674; baseline -0.003 -17"><span class='ocrx_word' id='word_1_250' title='bbox 109 3593 222 3657; x_wconf 80' lang='lat' dir='ltr'><strong>multis·</strong></span> <span class='ocrx_word' id='word_1_251' title='bbox 250 3593 349 3655; x_wconf 84' lang='lat' dir='ltr'><strong>rebus</strong></span> <span class='ocrx_word' id='word_1_252' title='bbox 382 3589 450 3654; x_wconf 83' lang='lat' dir='ltr'><strong>aliis</strong></span> <span class='ocrx_word' id='word_1_253' title='bbox 477 3587 619 3674; x_wconf 76' lang='lat' dir='ltr'><strong>reperiet</strong></span> <span class='ocrx_word' id='word_1_254' title='bbox 651 3589 721 3674; x_wconf 83' lang='lat' dir='ltr'><strong>quis</strong></span> <span class='ocrx_word' id='word_1_255' title='bbox 756 3590 937 3654; x_wconf 79' lang='lat' dir='ltr'><strong>facttltatem</strong></span> <span class='ocrx_word' id='word_1_256' title='bbox 973 3589 1123 3672; x_wconf 60' lang='lat' dir='ltr'><strong>capiendi*</strong></span> 
     </span>
     <span class='ocr_line' id='line_1_32' title="bbox 108 3690 1124 3778; baseline -0.003 -18"><span class='ocrx_word' id='word_1_257' title='bbox 108 3694 268 3760; x_wconf 63' lang='lat' dir='ltr'><strong>nmmos</strong></span> <span class='ocrx_word' id='word_1_258' title='bbox 292 3697 330 3757; x_wconf 88' lang='lat' dir='ltr'><strong>de</strong></span> <span class='ocrx_word' id='word_1_259' title='bbox 352 3693 532 3764; x_wconf 74' lang='lat' dir='ltr'><strong>contrariis·</strong></span> <span class='ocrx_word' id='word_1_260' title='bbox 576 3690 658 3758; x_wconf 89' lang='lat' dir='ltr'><strong>Cum</strong></span> <span class='ocrx_word' id='word_1_261' title='bbox 680 3713 760 3758; x_wconf 83' lang='lat' dir='ltr'><strong>vero</strong></span> <span class='ocrx_word' id='word_1_262' title='bbox 782 3715 819 3756; x_wconf 82' lang='lat' dir='ltr'><strong>ea</strong></span> <span class='ocrx_word' id='word_1_263' title='bbox 840 3714 920 3778; x_wconf 81' lang='lat' dir='ltr'><strong>quae</strong></span> <span class='ocrx_word' id='word_1_264' title='bbox 934 3693 1124 3768; x_wconf 85' lang='lat' dir='ltr'><strong>necessario-</strong></span> 
     </span>
     <span class='ocr_line' id='line_1_33' title="bbox 108 3795 1114 3880; baseline -0.005 -17"><span class='ocrx_word' id='word_1_265' title='bbox 108 3811 184 3863; x_wconf 86' lang='lat' dir='ltr'><strong>sunt</strong></span> <span class='ocrx_word' id='word_1_266' title='bbox 213 3798 264 3862; x_wconf 67' lang='lat' dir='ltr'><strong>iu⁴</strong></span> <span class='ocrx_word' id='word_1_267' title='bbox 281 3809 373 3880; x_wconf 82' lang='lat' dir='ltr'><strong>psrte</strong></span> <span class='ocrx_word' id='word_1_268' title='bbox 406 3795 822 3877; x_wconf 77' lang='lat' dir='ltr'><strong>altere‘coutrapositorum</strong></span> <span class='ocrx_word' id='word_1_269' title='bbox 849 3795 1029 3860; x_wconf 80' lang='lat' dir='ltr'><strong>facirltatem</strong></span> <span class='ocrx_word' id='word_1_270' title='bbox 1049 3815 1114 3858; x_wconf 88' lang='lat' dir='ltr'><strong>non</strong></span> 
     </span>
     <span class='ocr_line' id='line_1_34' title="bbox 108 3893 1137 3983; baseline -0.005 -19"><span class='ocrx_word' id='word_1_271' title='bbox 108 3905 248 3966; x_wconf 82' lang='lat' dir='ltr'><strong>habeant</strong></span> <span class='ocrx_word' id='word_1_272' title='bbox 266 3897 408 3983; x_wconf 74' lang='lat' dir='ltr'><strong>eripiendi</strong></span> <span class='ocrx_word' id='word_1_273' title='bbox 424 3899 618 3964; x_wconf 83' lang='lat' dir='ltr'><strong>contrarium</strong></span> <span class='ocrx_word' id='word_1_274' title='bbox 633 3899 698 3962; x_wconf 89' lang='lat' dir='ltr'><strong>eius</strong></span> <span class='ocrx_word' id='word_1_275' title='bbox 711 3898 744 3962; x_wconf 90' lang='lat' dir='ltr'><strong>in</strong></span> <span class='ocrx_word' id='word_1_276' title='bbox 763 3921 828 3982; x_wconf 91' lang='lat' dir='ltr'><strong>quo</strong></span> <span class='ocrx_word' id='word_1_277' title='bbox 850 3920 886 3962; x_wconf 89' lang='lat' dir='ltr'><strong>se</strong></span> <span class='ocrx_word' id='word_1_278' title='bbox 906 3901 1040 3974; x_wconf 81' lang='lat' dir='ltr'><strong>hahent,</strong></span> <span class='ocrx_word' id='word_1_279' title='bbox 1064 3893 1137 3960; x_wconf 54' lang='lat' dir='ltr'><strong>ses</strong></span> 
     </span>
     <span class='ocr_line' id='line_1_35' title="bbox 109 3989 1122 4088; baseline -0.002 -18"><span class='ocrx_word' id='word_1_280' title='bbox 109 4005 267 4088; x_wconf 74' lang='lat' dir='ltr'><strong>quintum</strong></span> <span class='ocrx_word' id='word_1_281' title='bbox 279 4022 343 4070; x_wconf 87' lang='lat' dir='ltr'><strong>non</strong></span> <span class='ocrx_word' id='word_1_282' title='bbox 355 4003 417 4070; x_wconf 81' lang='lat' dir='ltr'><strong>sint</strong></span> <span class='ocrx_word' id='word_1_283' title='bbox 428 4003 615 4068; x_wconf 72' lang='lat' dir='ltr'><strong>necessario</strong></span> <span class='ocrx_word' id='word_1_284' title='bbox 633 4023 681 4081; x_wconf 86' lang='lat' dir='ltr'><strong>ee,</strong></span> <span class='ocrx_word' id='word_1_285' title='bbox 699 4019 779 4085; x_wconf 75' lang='lat' dir='ltr'><strong>quae</strong></span> <span class='ocrx_word' id='word_1_286' title='bbox 793 4023 826 4067; x_wconf 88' lang='lat' dir='ltr'><strong>es</strong></span> <span class='ocrx_word' id='word_1_287' title='bbox 837 3989 1033 4068; x_wconf 76' lang='lat' dir='ltr'><strong>¹contrarium</strong></span> <span class='ocrx_word' id='word_1_288' title='bbox 1048 4001 1122 4068; x_wconf 89' lang='lat' dir='ltr'><strong>eius.</strong></span> 
     </span>
    </p>
   </div>
   <div class='ocr_carea' id='block_1_9' title="bbox 0 0 1418 4792">
    <p class='ocr_par' dir='ltr' id='par_1_9' title="bbox 0 0 1418 4792">
     <span class='ocr_line' id='line_1_36' title="bbox 0 0 1418 4792; baseline 0 1"><span class='ocrx_word' id='word_1_289' title='bbox 0 0 1418 4792; x_wconf 95' lang='lat' dir='ltr'><strong> </strong></span> 
     </span>
    </p>
   </div>
  </div>
 </body>
</html>
