2782 4790
114 609 287 693 impedita:
302 613 397 691 Quod
419 613 445 674 si
467 611 642 676 boeotiam
665 614 863 674 condonetur
884 623 915 672 et
938 633 1005 673 esse
1022 611 1118 672 Mun·
1188 599 1199 608 ’

115 717 206 790 «tum,
232 727 263 776 et
286 736 325 778 eo
348 715 473 795 posito,
506 735 573 778 esse
596 715 684 777 Deos
708 717 903 797 (quanquam
926 735 968 776 ox
989 713 1122 795 Epicuri

116 817 272 879 sententia
294 817 347 879 Dii
370 829 460 879 extra
483 819 640 880 Mundum
663 819 773 896 sunt‚)
807 828 837 877 et
859 817 947 881 Deos
971 821 1040 878 esse¹
1060 815 1129 878 tao-⁹

114 941 192 996 nos,
232 932 262 982 et
291 920 363 981 inde
391 933 540 1002 sequatur
568 939 636 981 esse
657 919 729 981 Diis
752 919 920 995 virtutem,
960 921 1120 1003 quomodo

115 1044 154 1084 ex
177 1044 237 1097 eo,
262 1024 349 1106 quod
371 1023 474 1106 aliqua
496 1023 536 1084 sit
557 1023 700 1086 Deorum
723 1023 841 1100 virtus,
875 1023 1023 1108 colligent
1053 1045 1122 1086 esse

119 1137 149 1187 et
184 1123 407 1206 prudentiam?
464 1125 553 1204 Quae
578 1125 658 1187 enim
687 1126 778 1188 huius
806 1126 1032 1190 coniunctionis
1069 1147 1124 1188 ne-

115 1227 278 1291 cessitas?
323 1229 404 1289 Nam
434 1228 460 1290 si
487 1227 626 1309 positum
654 1227 695 1290 sit
716 1249 783 1290 esse
805 1229 965 1291 hominnm
988 1229 1121 1311 aliquam

116 1330 286 1404 virtutem,
321 1341 408 1392 reete
434 1329 505 1392 inde
540 1330 711 1393 inferretur
740 1351 809 1393 esse
841 1342 872 1392 et
899 1329 1123 1412 prudentiam?

117 1431 201 1498 Cum
222 1454 302 1496 voro
325 1453 365 1494 ex
387 1433 548 1496 antedictis
575 1435 740 1497 collectum
761 1431 873 1508 suerit,
900 1455 968 1496 esse
990 1433 1123 1514 aliquam

119 1535 268 1599 Deorum
289 1535 459 1611 virtutem,
499 1539 660 1619 quomodo
687 1559 727 1598 ex
749 1536 892 1600 Deorum
910 1537 1026 1598 virtute
1046 1557 1125 1598 oon·

115 1651 268 1722 sequetur
295 1640 479 1721 prudentia,
520 1661 599 1722 qnae
628 1651 675 1702 est
699 1638 799 1702 virtus
819 1638 975 1702 hnmana?
1011 1641 1124 1722 Neque

115 1741 197 1806 enim
226 1741 329 1803 dicere
360 1763 527 1823 possumus
565 1745 688 1805 easdem
725 1764 793 1806 esse
824 1744 955 1806 virtutes
980 1742 1125 1804 Deorum
1170 1826 1173 1831 Ι

115 1843 360 1927 hominumque:
384 1865 443 1906 neo
464 1843 545 1906 enim
569 1845 599 1907 in
615 1845 685 1909 Diis
708 1846 799 1908 etiam
822 1867 932 1908 verum
948 1856 995 1906 est
1016 1866 1126 1907 eornm

116 1967 207 2030 quae'
238 1958 301 2008 tam
338 1948 466 2008 multum
513 1949 627 2010 distant
670 1961 779 2030 suapte
818 1962 944 2024 natura,
1004 1950 1126 2009 easdem

116 2071 186 2112 esse
210 2048 493 2120 consummationes
525 2033 797 2132 aequanimam,
830 2071 990 2133 neoquao
1015 2051 1067 2118 itti,
1088 2053 1125 2112 de

116 2151 162 2214 his
188 2153 283 2214 rebus
305 2151 429 2228 dicunt,
454 2153 620 2234 probabile
640 2153 757 2236 aliquid
774 2153 946 2216 continent.
991 2154 1051 2214 Est
1072 2174 1126 2214 att·

115 2255 340 2346 tom'humana
370 2256 470 2318 virtus
496 2256 679 2335 prudentia:
718 2259 777 2318 Est
803 2256 905 2334 enim,
944 2267 978 2317 nt
1008 2267 1039 2330 et
1067 2255 1127 2336 ipsi

117 2357 220 2434 aiunt,
259 2357 388 2420 seientia
416 2357 633 2421 faciendorum
671 2371 701 2421 et
726 2381 789 2420 non
818 2359 1048 2422 faciendorum.
1094 2357 1128 2419 Si

118 2461 200 2524 enim
230 2459 301 2522 fieri
330 2472 437 2542 potest
467 2472 502 2521 ut
532 2460 647 2543 aliquid
676 2481 740 2524 non
767 2474 880 2545 agatur
909 2484 1019 2524 eorum
1049 2482 1128 2544 quae

118 2563 262 2629 iacienda
279 2575 371 2638 sunt,
396 2563 501 2626 locum
520 2565 615 2625 habet
633 2564 691 2626 ista
710 2564 838 2626 seientia
858 2564 1073 2626 faciendorum
1098 2577 1129 2625 et
1161 2629 1162 2632 Ἴ
1254 2605 1255 2610 1

120 2687 186 2734 nou
205 2666 435 2730 faciendorum.
480 2669 525 2730 At
546 2667 573 2729 si
595 2669 802 2736 ‹uinetaFato
823 2667 919 2742 fiant,
945 2666 1059 2729 inutilis
1083 2675 1129 2728 e'sI

120 2769 249 2832 seientia
284 2769 498 2833 faciendorum
533 2781 564 2832 et
592 2791 655 2832 non
686 2770 912 2834 faciendorum.
959 2769 1022 2849 Qui
1048 2768 1127 2831 enim

119 2871 191 2936 talis
219 2871 456 2934 scientiantilis
484 2872 545 2948 eis,
585 2873 639 2954 qui
667 2873 743 2934 nihil
769 2895 880 2936 eorum
907 2894 987 2954 quae
1010 2885 1128 2955 'agunt,
1171 2922 1173 2926 .

122 2977 225 3040 vitare
249 2975 406 3057 possunt?
430 2976 526 3055 Quod
548 2975 574 3036 si
596 2974 723 3037 scientia
744 2975 796 3036 itta
813 2979 851 3036 ad
874 2976 948 3037 nihil
971 2986 1017 3038 est
1033 2975 1128 3042 utilis,

123 3079 247 3148 tollitur
269 3078 329 3140 iam
344 3077 529 3158 prudentia:
554 3077 596 3139 ita
616 3090 650 3145 nt
668 3077 766 3140 multo
786 3078 897 3139 melior
918 3077 1034 3139 sitista
1053 3097 1130 3138 con-

122 3181 306 3265 sequentias
331 3181 358 3244 si
383 3192 430 3242 est
451 3182 580 3256 Fatum,
620 3203 684 3243 non
710 3181 1005 3262 esseprudentiam.
1044 3173 1131 3242 ¹Nam

75 3320 78 3325 Α
123 3287 286 3370 quomodo
302 3283 355 3345 lex
369 3283 491 3354 tollitur
510 3285 592 3348 Fato
616 3283 769 3358 admisso,
796 3285 1022 3348 eodemmodo
1046 3282 1132 3344 tolli-

19 3425 25 3440 ·
120 3401 174 3453 tun
198 3399 230 3449 et
250 3385 426 3468 prudentia.
480 3386 550 3465 Qua
580 3389 702 3454 sublata
730 3387 887 3469 sequitur,
918 3399 952 3447 nt
981 3385 1133 3446 tollantur

123 3504 154 3554 et
176 3491 237 3553 alia
260 3491 341 3565 illa,=
369 3507 455 3572 ¹quae
480 3489 584 3570 posita
610 3489 773 3571 prudentia
800 3479 877 3570 poni
906 3491 946 3550 ab
975 3487 1034 3550 ittis
1069 3499 1132 3548 sta·

123 3607 267 3658 tunntur.

526 3697 733 3768 XXXVIII.

190 3801 258 3866 lam
281 3821 361 3864 voro
383 3801 469 3882 qnod
495 3799 539 3862 illi
563 3820 627 3861 non
647 3822 687 3861 eo
707 3803 793 3882 quod
820 3802 986 3863 ostendunt
1010 3819 1134 3860 inuuere

128 3897 335 3972 animantibus
358 3924 398 3964 ex
421 3904 561 3985 appetitu
578 3902 766 3978 motionem,
792 3903 911 3964 etiamsi
934 3901 1036 3966 onmia
1053 3901 1134 3962 Fato
1182 3973 1184 3982 Ι

124 4009 218 4085 fiaut,
245 4009 288 4072 ob
307 4007 338 4069 id
356 4006 535 4094 relinquunt
558 4005 649 4078 nobis
669 4005 700 4068 id
720 4008 805 4087 qnod
829 4007 861 4068 in
879 4017 987 4068 nostra
1006 4015 1051 4067 est
1073 4025 1133 4084 po·

315 4173 408 4276 O
