2758 4790
1051 399 1124 464 m¹

589 537 684 626 w.

176 665 222 730 At
238 665 325 732 sorte
339 686 403 730 uon
423 685 462 730 eo
476 685 541 749 quo
564 665 698 730 diximus
716 669 813 732 modo
836 679 948 733 crtucta
971 670 1112 757 uirignn-
1216 661 1219 670 ’

110 778 182 844 tur,
218 770 277 834 sed
305 767 507 834 circumactio
539 779 650 831 cuncta
680 769 878 852 dispensans,
905 772 1112 860 siderumquc

111 891 223 938 cursus
245 871 290 935 ita
308 893 452 956 quaeque
471 869 582 947 afficit,
605 884 704 953 prout
723 873 819 938 habet
840 895 915 940 suos
936 877 1058 959 positus
1079 879 1111 944 in

108 973 254 1052 meridie,
279 986 372 1052 ortu,
405 997 521 1040 occasu
539 974 592 1037 vel
607 996 777 1039 concursu.
833 978 926 1042 Unde
955 980 1112 1048 divinato-

107 1098 160 1140 res
188 1077 373 1160 praedicunt
400 1080 440 1142 dc
467 1076 582 1144 futuris
611 1076 643 1140 in
670 1077 835 1161 universa,
870 1093 901 1144 et
924 1082 956 1146 in
980 1084 1112 1170 singuiis

105 1201 165 1243 nec
186 1182 290 1244 solum
309 1180 408 1264 qualis
427 1181 558 1246 fortuna
577 1181 633 1244 sed
656 1180 748 1246 etiam
773 1181 873 1266 qualis
894 1184 995 1250 ferme
1020 1188 1112 1275 cogi·
1197 1257 1199 1263 ,

104 1282 184 1347 tatio
210 1283 253 1348 sit
269 1283 389 1348 futura.
435 1283 561 1368 Quippe
586 1284 729 1368 conspici
750 1297 782 1350 et
807 1285 867 1348 alia
892 1288 1058 1354 animantia
1080 1305 1112 1356 et

103 1386 220 1470 stirpes
249 1408 312 1471 pro
340 1387 560 1453 conuenientia
588 1409 682 1472 quam
717 1410 789 1452 cum
817 1388 971 1455 sideribus
992 1394 1111 1458 babent

103 1511 249 1554 crescere
268 1471 302 1555 c't
323 1495 524 1569 decrescere,
550 1513 602 1555 rcs
625 1491 717 1559 etiam
732 1491 806 1556 alias
825 1495 864 1556 ab
882 1493 919 1558 iis
934 1495 1031 1574 affici,
1056 1519 1110 1560 re-

103 1593 217 1680 giones
238 1595 319 1660 euim
339 1595 466 1660 intense
486 1595 615 1660 differre
634 1617 697 1678 pro
715 1608 865 1680 respectu
882 1603 975 1681 quem
992 1601 1110 1664 habent

102 1700 142 1771 ad
155 1697 358 1778 universum,
392 1699 528 1764 maxime
541 1701 655 1765 solem.
698 1700 768 1764 Pro
789 1699 851 1763 illis
873 1714 976 1766 autem
998 1704 1110 1789 regio·

102 1801 196 1866 nibus
219 1802 415 1868 conformari
436 1824 501 1868 non
519 1803 633 1888 stirpes
654 1815 775 1868 tantum
795 1815 828 1866 et
851 1805 1017 1894 animantia
1034 1808 1106 1886 alia,

102 1906 160 1972 sed
180 1915 213 1968 et
233 1903 395 1970 homiuum
415 1905 537 1984 formas
556 1919 588 1972 ct
603 1905 832 1992 magnitudines
854 1919 885 1970 et
907 1909 1051 1986 colores,
1077 1923 1109 1974 ct

102 2007 199 2075 animi
213 2009 343 2074 affectus
360 2021 392 2074 et
409 2009 569 2093 cupidines
588 2022 619 2074 et
637 2009 739 2074 studia
753 2021 784 2072 et
800 2030 926 2074 mores:
950 2013 1109 2079 dominam

101 2109 209 2195 itaque
241 2134 348 2176 rerum
381 2113 520 2176 omnium
549 2133 618 2176 esse
646 2111 786 2178 universi
819 2113 1107 2182 circumactionem.

100 2214 155 2278 Ad
173 2216 253 2287 haec
276 2211 381 2299 primo
399 2217 475 2281 loco
498 2216 661 2282 dicendum
684 2225 748 2294 est,
773 2216 865 2280 etiam
891 2239 962 2280 eum
988 2218 1042 2304 qui
1059 2219 1108 2284 sic

100 2317 219 2396 sentit,
251 2331 367 2384 nostra
396 2321 500 2384 omnia
525 2319 669 2402 supernis
697 2315 793 2382 iebus
813 2319 991 2385 adscribere
1009 2322 1107 2386 etiam

99 2422 280 2498 voluntates
304 2435 335 2487 ct
346 2423 608 2506 perturbationes
628 2434 658 2485 ct
672 2422 754 2486 uitia
775 2435 806 2487 ct
826 2423 981 2489 motiones
1007 2446 1106 2508 appe-

98 2525 232 2590 tituum:
266 2527 358 2602 nohis
381 2547 461 2592 vero
483 2524 559 2593 nihil
582 2528 674 2602 dare,
710 2525 769 2590 nisi
791 2529 878 2610 quod
898 2527 1038 2592 feramur
1058 2529 1105 2592 la·

97 2628 207 2711 pidum
229 2628 350 2720 instar,
380 2651 445 2694 nou
464 2641 567 2707 autem
586 2640 620 2691 ut
641 2628 784 2694 homines
805 2630 900 2693 simus
918 2633 1105 2702 habeamus·

97 2753 161 2818 que
183 2753 202 2796 a
223 2733 317 2797 nobis
339 2744 370 2797 et
397 2755 438 2797 cn
458 2732 551 2797 nobis
564 2716 660 2815 ¹opus
679 2730 818 2816 aliquod
838 2734 1000 2798 humanae*
1012 2747 1105 2800 natu·

95 2855 165 2900 rae.
223 2836 270 2900 At
298 2858 379 2901 vero
408 2839 508 2903 danda
536 2848 609 2900 sunt
640 2835 732 2901 nobis
765 2857 845 2918 quaa
873 2850 984 2910 nostra
1012 2825 1102 2918 sunt,

95 2937 221 3002 sedita
247 2951 283 3002 ut
308 2943 348 3004 ad
380 2962 417 3004 ea
452 2963 533 3024 quae
564 2939 626 3004 iam
650 2950 761 3002 nostra
789 2951 861 3002 sunt
869 2984 879 3016 ‚
918 2952 949 3004 ct
971 2941 1105 3025 propria

93 3028 188 3108 nobis
211 3043 259 3122 fab
282 3029 433 3109 universo
459 3044 562 3128 aliqua
591 3042 775 3119 deveniant,
820 3053 851 3106 ct
883 3042 1102 3128 distinguenda

95 3135 250 3230 quaed'nn
280 3168 361 3232 quae
395 3170 454 3212 nos
483 3147 615 3212 facimus
648 3147 687 3210 ab
721 3145 805 3222 aliis,
848 3167 928 3228 quac
961 3159 1033 3210 sunt
1061 3170 1104 3213 ex

95 3249 299 3327 necessitate,
323 3271 388 3314 non
404 3251 507 3314 omnia
520 3250 697 3314 ‘aurbuere
710 3247 813 3312 astris.
852 3248 1103 3334 Agnoscendum
1149 3243 1160 3300 *¹

94 3353 179 3418 euim
197 3374 328 3424 manare
343 3355 382 3418 ad
400 3373 460 3418 nos
478 3345 630 3437 q'uaedam
648 3375 689 3417 ex
711 3353 858 3417 locorum
876 3363 907 3416 et
926 3351 992 3416 eius
1015 3357 1102 3436 quod

93 3455 167 3522 loca
182 3455 278 3520 ambit
296 3456 494 3534 diversitate,
519 3457 657 3522 calorem
680 3467 757 3541 puta
776 3466 830 3518 aut
847 3453 950 3542 frigus
973 3455 1005 3519 in
1022 3467 1100 3521 tom·

92 3570 299 3642 paramento,
335 3561 391 3625 sed
419 3572 450 3624 et
474 3561 570 3626 multa
594 3561 694 3626 fluere
716 3563 755 3624 ad
779 3580 838 3626 uos
861 3581 880 3624 a
903 3559 1099 3640 parentibus.

93 3665 177 3726 Nam
197 3664 381 3746 parentibus
408 3663 523 3728 similes
549 3665 589 3727 ad
611 3663 781 3747 plurimum
800 3665 956 3728 babemus
979 3661 1099 3726 formas

92 3779 138 3839 et,
155 3759 306 3850 quasdam
339 3767 431 3831 animi
459 3766 715 3850 perturbationes
743 3789 761 3829 a
795 3765 918 3847 ratione
951 3767 1098 3830 absonas.

92 3869 217 3933 'Verum
240 3882 342 3935 tamen
365 3893 543 3956 quanquam
560 3871 592 3938 in
613 3869 721 3940 iisdem
740 3869 819 3933 locis
841 3869 970 3932 multum
1000 3867 1098 3930 simile

91 3972 229 4048 habetat
250 3973 391 4053 formae,
414 3975 461 4042 ¹in
491 3973 632 4044 moribus
655 3985 686 4038 et
711 3971 957 4064 cogitationibus
986 3972 1097 4056 ingens
