2782 4790
298 385 359 449 150

295 557 331 620 δὲ
354 548 521 634 τούτοιςὴ
546 549 613 619 ἰδία
631 545 732 643 φύσις
746 544 829 641 ἀρχὴ
852 553 908 615 καὶ
930 545 1022 616 ἀιτὶα
1044 541 1172 629 τοιάδε,
1200 540 1296 628 όύσης

296 659 354 738 τῆς
376 653 462 723 κατά
483 657 590 722 ταῦτα
608 655 800 741 γιγνομένης
818 649 947 733 τάξεως.
985 645 1072 718 ’Ἀπὸ
1098 647 1163 740 γάρ
1183 644 1298 730 ταύτης

297 755 342 837 ὡς
370 762 421 826 ἐπὶ
442 755 481 825 τό
507 759 574 826 πάν
599 762 655 824 καὶ
681 760 713 824 οἱ
736 754 807 842 βίοι
828 760 883 821 καὶ
910 758 945 821 αἱ
966 754 1030 822 τῶν
1054 754 1135 840 βίον
1160 753 1298 840 γίνονται

297 867 548 954 καταστροφαὶ,
578 857 624 949 μὴ
646 857 905 950 έμπόδισθείσης
928 852 992 926 ύπό
1015 882 1121 926 τινων.
1159 851 1300 947 Ὃρῦμεν

295 962 378 1056 γὰρ,
400 956 453 1031 ότι
468 970 524 1030 καὶ
541 959 580 1030 τὸ
598 963 710 1051 σῶμα,
733 963 778 1053 τῷ
799 957 927 1029 τοιόνδε
947 957 1111 1043 ἢτοιόνδε
1127 961 1161 1026 ἐκ
1176 956 1298 1052 φύσιας

296 1069 382 1134 έῐναι
402 1072 459 1133 καὶ
480 1069 513 1134 έν
533 1061 645 1143 νόσοις
663 1067 808 1152 γίγνεται
828 1055 885 1132 καὶ
908 1066 940 1131 ἐν
962 1068 1137 1156 φθοραῖς,
1169 1057 1301 1130 ἀκολού-

296 1175 373 1249 θοις
394 1170 433 1263 τῇ
451 1171 575 1264 φυσικῇ
595 1164 772 1236 συστάσει·
803 1163 841 1235 οῦ
863 1164 929 1255 μὴν
951 1167 984 1248 ἐξ
1003 1161 1164 1252 ἀνάγκης·
1198 1167 1301 1232 ἱκαναὶ

296 1270 360 1364 γάρ
397 1273 573 1365 ἐκκροῦσαι
610 1267 705 1353 τήνδε
735 1268 794 1352 τὴν
834 1267 927 1352 τάξιν
970 1268 1151 1356 ἐπιμέλειαί
1182 1293 1216 1334 τε
1251 1271 1301 1334 καὶ

298 1371 403 1466 ἀέρων
423 1371 613 1462 ὑπαλλαγαὶ
634 1379 690 1441 καὶ
707 1370 897 1466 προςτάξεις
919 1369 1055 1463 ιάτρῶν,
1086 1378 1142 1440 καὶ
1165 1373 1304 1458 συμβου-

299 1479 367 1546 λὶαι
390 1479 492 1546 θεῶν.
546 1474 646 1544 Κατά
672 1479 708 1544 δὲ
732 1474 790 1544 τὸν
818 1473 921 1544 ἀντὸν
947 1471 1151 1568 τρόπονκαὶ
1179 1477 1228 1541 ἐπὶ
1252 1475 1305 1554 τῆς

298 1582 410 1674 φυχῆς
427 1576 518 1671 έύροι
538 1606 590 1659 τις
608 1576 649 1647 ἀν
666 1576 759 1670 παρά
776 1575 836 1661 τὴν
849 1575 997 1671 ,φυσικὴν
1012 1574 1220 1660 κατασκευὴν
1238 1579 1305 1644 δια-

299 1680 428 1777 φόρους
448 1687 622 1772 γινομένας
644 1679 778 1760 καὶτὰς
797 1679 930 1770 πράξεις
947 1687 1003 1749 καὶ
1024 1678 1086 1760 τάς
1103 1669 1306 1773 προαιρέσεις

299 1793 355 1854 καὶ
381 1782 458 1865 τούς
478 1787 582 1873 βίους.
627 1772 747 1863 Ἠθος
766 1782 833 1876 γάρ
856 1783 902 1867 ³²)
928 1781 1122 1876 ἀνθρώπων
1147 1781 1233 1851 κατὰ
1252 1778 1305 1848 τὸν

299 1885 535 1980 Ἡράκλειτον,
558 1890 704 1978 δαίμων,
726 1892 877 1956 τουτέστι
891 1883 1001 1980 φύσις.
1027 1881 1089 1966 Ὡς
1107 1890 1306 1955 έπιπλεῖστον

298 1991 363 2083 γάρ
387 1997 461 2071 ταῖς
484 1998 644 2084 φυσικαῖς
665 1996 885 2070 κατασκευαῖς
910 2015 943 2057 τε
969 1995 1025 2057 καὶ
1047 1993 1230 2058 διαθέσεσι
1257 1992 1307 2054 καὶ

298 2094 360 2174 τάς
381 2092 530 2189 πράξεις,
552 2101 608 2164 καὶ
633 2093 711 2174 τούς
730 2095 841 2180 βίους,
870 2101 926 2161 καὶ
947 2091 1008 2172 τάς
1028 2095 1092 2162 τῶν
1109 2094 1192 2180 βίον
1212 2115 1307 2160 κατα-

301 2196 453 2292 στροφάς
481 2196 684 2267 ἀκολουθεῖν
713 2200 906 2286 συμβέβηκε.
962 2199 1034 2264 Τῶν
1053 2205 1117 2284 μέν
1139 2194 1205 2287 γάρ
1230 2191 1308 2288 ἀφε

301 2298 413 2390 μάγων
428 2306 472 2384 ³³)
488 2310 543 2368 καὶ
564 2297 802 2394 φιλοκινδύνων
820 2294 919 2389 φύσει
939 2295 1052 2384 βίαιός
1066 2325 1119 2380 τις
1135 2307 1193 2367 καῖ
1210 2291 1307 2366 ὁθά-

302 2427 401 2483 νατος
428 2399 471 2482 ἀς
494 2407 754 2471 ἐπιτοπλεῖστον·
792 2397 880 2485 άύτη,
901 2401 965 2494 γάρ
990 2406 1172 2496 έιμαρμένη
1196 2427 1230 2470 τε
1259 2406 1308 2468 καὶ

303 2504 405 2600 φύσις
423 2503 546 2574 ἀστοῦ·
579 2508 625 2598 τῷ
644 2509 679 2573 δὲ
701 2503 875 2600 ἀκολάστῳ
897 2512 952 2573 καὶ
971 2509 1004 2574 ἐν
1021 2503 1162 2588 ἡδοναῖς
1183 2507 1275 2588 ζῶντι
1292 2497 1307 2567 ό

304 2612 337 2679 ἕν
362 2617 435 2689 ταῖς
459 2606 651 2700 ἀκρασίαις,
681 2611 799 2700 καὶτῷ
819 2611 1000 2700 καρτερικῷ
1023 2604 1041 2675 ὁ
1065 2605 1107 2676 δι’
1130 2606 1308 2698 ὑπερβολῆς

304 2709 411 2782 πόνων
429 2717 484 2778 καὶ
501 2714 752 2780 κακοπαθειῶν·
790 2714 836 2804 τῷ
861 2715 896 2779 δὲ
923 2708 1135 2805 ἀνελευθέρῳ
1163 2707 1239 2779 ὁέκ
1258 2711 1310 2789 τῆς

304 2821 376 2906 περὶ
398 2811 435 2880 τὸ
458 2809 646 2907 ἀδιάφορον
667 2815 828 2897 σπουδῆς,
850 2812 889 2883 δι’
907 2809 947 2897 ἣν
964 2811 1119 2883 ἀδικοῦσι
1138 2821 1195 2882 καὶ
1210 2811 1310 2882 ἀυτῦν

305 2914 503 3007 ὀλιγωροῦσι
525 2923 580 2986 καὶ
601 2920 758 2987 πονοῦσιν
779 2915 859 3011 ὑπὲρ
878 2916 938 3000 τὴν
959 2913 1115 3005 δύναμιν·
1139 2916 1199 2986 διά
1220 2918 1310 2984 τοῦτο

304 3020 385 3110 γοῦν
406 3016 554 3088 εἰώθασι
574 3026 630 3088 καὶ
652 3024 808 3110 ἐπιλέγειν
833 3029 903 3100 τοῖς
927 3017 1111 3101 τοιούτοις,
1151 3017 1196 3100 ὡς
1218 3015 1311 3094 ἀυτός

305 3118 395 3215 ἀυτῷ
409 3126 539 3210 γέγονεν
553 3121 659 3203 ἀίτιος
674 3127 732 3192 τοῦ
744 3121 910 3194 θανάτου,
938 3120 1148 3192 Τοιούτουδὲ
1157 3121 1311 3202 ὅνταςτοῦ

304 3221 386 3293 καθ’
408 3227 624 3317 εἰμαρμένην,
647 3223 721 3294 ὀῦτε
738 3224 796 3309 τὴν
813 3225 974 3314 μαντικὴν
991 3229 1129 3319 ἐροῦμεν
1152 3225 1312 3319 ἀχρηστον

305 3329 375 3410 ἔτι,
411 3333 641 3425 προορωμένην
672 3355 706 3397 τε
736 3326 775 3396 τὸ
805 3327 890 3412 κατά
916 3326 1019 3424 φύσιν
1043 3327 1311 3420 ἀποβησόμενον,

306 3437 362 3499 καὶ
381 3433 582 3516 βοηθοῦσαν
604 3429 659 3500 διά
688 3434 749 3500 τοῦ
774 3429 1007 3522 συμβουλεύειν
1035 3459 1069 3500 τε
1101 3442 1160 3503 καὶ
1183 3427 1313 3502 κελεύειν

307 3535 508 3602 ἐνίστασθαι
528 3537 568 3629 τῇ
586 3537 644 3618 τῆς
664 3531 795 3628 φύσεως
813 3538 959 3629 χείρονος
980 3533 1189 3630 ἀκολουθία.
1228 3530 1311 3604 Ἀλλ’

307 3631 376 3706 οῦδ
399 3633 417 3721 ἡ
436 3641 493 3720 τῆς
511 3636 609 3727 τύχης
629 3635 892 3728 ἀναιρεθήσεται
910 3636 1027 3733 φύσις,
1049 3635 1121 3708 ἀλλ’
1145 3643 1207 3724 ἕξει
1225 3640 1314 3709 τινῦν

308 3739 422 3810 ἀντίαν
437 3742 482 3823 ³⁴)
498 3742 674 3830 συμπίπτει
693 3745 737 3826 ⁵⁵)
758 3751 829 3822 τοῖς
842 3749 1046 3831 γιγνομένοις
1060 3743 1153 3812 κατά
1167 3745 1315 3835 προαίρε-

309 3870 371 3913 σιν.
406 3841 481 3912 Ἔτι
502 3847 537 3912 δὲ
558 3847 685 3934 μάλλον
706 3843 744 3914 τὸ
766 3851 864 3914 θεῖον
889 3853 943 3913 καὶ
970 3849 1005 3914 αἱ
1031 3850 1065 3914 ἐκ
1093 3846 1219 3917 τούτου
1239 3841 1314 3935 βοά-

308 3954 416 4030 θειαι,
439 3953 493 4016 καὶ
509 3953 545 4016 αἱ
558 3944 632 4040 παρ’
648 3945 738 4034 ἡμῶν
753 3951 842 4037 εὐχαὶ
857 3975 889 4018 τε
905 3957 959 4021 καὶ
978 3946 1106 4033 δεήσεις
1124 3951 1187 4036 τὴν
1198 3949 1314 4020 ὀικαάν
