2758 4790
1085 409 1144 474 'lli

136 577 261 640 risuum
275 577 398 642 Venus.
442 577 487 640 At
510 576 645 642 veroin
668 579 793 649 Arabia
814 589 845 642 et
866 579 897 642 in
914 574 1061 644 Osroene
1081 599 1147 640 non
1233 615 1236 624 ,

136 681 244 743 solnm
265 678 496 742 interficiuntur
519 681 700 757 adulterae,
736 683 792 744 sed
813 701 871 744 neo
892 682 1018 763 impune
1038 683 1147 746 ierunt

124 799 219 866 'quae
249 781 461 864 suspicionem
491 783 587 845 dese
611 786 775 847 dederunt.
833 785 932 868 Apud
952 786 1092 848 Parthos
1115 795 1147 848 et

137 884 310 950 Armenios
333 885 520 950 occiduntur
537 885 732 968 lromicidae,
756 887 912 950 interdum
934 907 993 969 per
1013 886 1142 963 iudices,

137 987 295 1052 interdum
322 1009 382 1070 per
411 1010 523 1051 eorum
551 983 751 1072 propinquos
782 990 835 1072 qui
864 990 1021 1053 interfecti
1042 990 1144 1054 fuere.

136 1091 183 1156 At
205 1090 232 1154 si
254 1091 323 1175 quis
346 1091 540 1155 interfecerit
560 1112 694 1156 uxorem
717 1113 828 1169 suam,
863 1105 916 1155 aut
936 1094 1069 1156 fratrem
1091 1115 1145 1176 q1u
1165 1134 1173 1146 ,

136 1194 256 1258 liberos
281 1216 347 1258 non
372 1194 507 1270 haheat,
524 1273 527 1276 Ι
547 1206 600 1286 aut
622 1215 768 1258 sororem
789 1195 972 1278 innuptam,
1005 1209 1062 1260 ant
1083 1197 1145 1260 lili·

136 1319 208 1374 um,
245 1309 298 1360 aut
318 1297 436 1371 filiam,
475 1297 502 1359 is
525 1319 543 1360 a
564 1297 688 1362 nemine
718 1311 899 1376 accusatur,
938 1301 1025 1382 quod
1046 1299 1088 1361 ita
1111 1322 1145 1364 se
1202 1360 1205 1366 ,

134 1401 248 1464 haheat
269 1401 322 1464 lex
342 1399 473 1463 istarum
495 1401 682 1485 regiontun3
707 1413 818 1465 contra
833 1403 919 1480 vero,
935 1403 1019 1482 apud
1042 1403 1144 1465 Grae·

133 1525 193 1567 cos
229 1516 260 1566 et
288 1505 454 1567 Romanos
488 1503 632 1588 graviori
666 1525 788 1586 poenae
820 1504 1046 1580 subiiciuntur,
1091 1504 1146 1589 qui

133 1607 336 1691 propinquos
372 1618 426 1669 ant
453 1607 649 1670 necessarios
683 1626 758 1671 suos
796 1607 981 1670 occiderint.
1046 1607 1145 1688 Apud

137 1711 241 1776 Atros
265 1709 319 1794 qui
340 1710 463 1773 iuratus
484 1710 581 1773 suerit
603 1722 752 1794 quantum
779 1711 894 1776 obolus
923 1711 1026 1787 valet,
1065 1709 1144 1794 lapi·
1185 1781 1191 1797 Ι
1256 1711 1260 1720 ’

132 1815 241 1877 datur.
297 1813 396 1894 Apud
426 1813 613 1876 Bactrianos
645 1813 698 1896 qui
726 1813 883 1878 modicum
918 1814 994 1896 quid
1018 1813 1143 1886 furanus

132 1916 252 2004 luerit,
283 1903 494 1997 conspuitur:
518 1918 604 1998 apud
624 1917 789 1980 Romanos
812 1917 953 1998 vapulat.
997 1916 1052 1978 Ab
1075 1917 1144 1979 Eu·

130 2021 246 2103 phrate
273 2019 374 2082 fluvio
407 2037 507 2101 usque
536 2019 576 2080 ad
606 2017 769 2081 Oceanum
799 2019 984 2082 orientalem
1007 2018 1063 2102 qui
1085 2040 1144 2101 per

132 2121 314 2186 convicium
336 2122 517 2204 appellatur
537 2120 696 2186 homicida
718 2132 771 2184 aut
790 2121 863 2197 fur,
887 2143 952 2184 non
975 2123 1143 2186 admodum

131 2237 321 2301 succenset,
367 2237 399 2287 at
418 2222 486 2307 'qui
517 2223 708 2307 pullipremo
742 2221 856 2288 dicitur
886 2224 913 2286 is
942 2245 976 2286 se
1005 2224 1145 2290 vindicat

131 2329 228 2392 etiam
250 2331 360 2414 caede,
413 2327 513 2409 Apud
535 2329 679 2391 Graecos
703 2327 796 2391 etiam
810 2327 1010 2410 ¹sapientibus
1033 2327 1143 2410 culpae

91 2435 92 2440 ’
131 2453 198 2496 ιιοιι
221 2433 336 2508 datur,
360 2423 389 2494 si
408 2431 545 2494 habeant
566 2431 598 2494 in
621 2431 781 2494 amoribus
803 2451 944 2514 pucros3
968 2441 1000 2494 at
1021 2429 1053 2516 in
1077 2430 1143 2496 ori·

133 2548 207 2598 ente
231 2535 344 2618 quibus
367 2534 414 2597 sie
434 2521 559 2596 illusum
583 2546 648 2610 est,
680 2535 707 2596 si
729 2553 780 2596 res
803 2545 960 2616 patescat,
995 2533 1142 2598 afratri·

129 2639 218 2715 hus,
236 2651 290 2700 aut
311 2637 456 2719 patribus
479 2649 533 2700 aut
553 2637 742 2721 propinquis
766 2649 936 2712 necantur,
973 2657 1010 2699 ae
1030 2657 1070 2699 ne
1092 2658 1143 2700 se·
1199 2661 1207 2680 ι

129 2742 261 2824 pultuna
282 2739 433 2827 quidem,
470 2739 530 2804 nisi
553 2741 745 2804 clandestina
767 2739 854 2825 digni
875 2741 1045 2804 habentur.
1097 2740 1144 2804 At

107 2845 218 2927 'apud
250 2845 362 2908 Gallos
393 2843 487 2908 etiarn
516 2845 638 2907 nubunt
670 2843 917 2921 adolescentuli,
957 2855 988 2908 et
1016 2843 1143 2926 quidem
1223 2843 1228 2854 ’
1292 2859 1294 2866 ’

125 2947 257 3030 palam,
295 2969 360 3011 non
388 2959 481 3029 turpe
509 2948 658 3010 ducentes
682 2947 725 3012 ob
747 2947 850 3031 legem
873 2949 959 3030 apud
979 2947 1067 3030 ipsos
1089 2967 1144 3010 re·

52 3116 55 3126 ,
130 3063 268 3134 ceptam.
313 3051 426 3136 Neque
447 3071 527 3114 vero
550 3049 621 3112 fieri
641 3061 770 3133 potest,
807 3061 844 3112 ut
873 3069 1001 3124 omnes,
1035 3048 1143 3133 quiin

133 3154 240 3220 Gallia
268 3153 315 3217 sie
341 3153 478 3236 tmpiter
506 3165 700 3228 tractantur,
739 3153 770 3216 in
800 3152 945 3238 genitura
976 3152 1143 3216 habuerint

131 3257 321 3323 Luciferum
342 3268 373 3320 et
396 3258 596 3322 Mercurium
624 3257 657 3320 in
678 3255 845 3322 domiciliis
869 3255 996 3318 Saturni
1019 3266 1050 3317 et
1070 3253 1143 3318 lini·

131 3363 193 3426 bus
223 3359 340 3424 Martis
370 3361 537 3424 obeuntes.
581 3362 621 3425 In
650 3358 812 3450 Britannia
841 3357 931 3424 multi
959 3357 1021 3422 viri
1048 3379 1142 3421 urnam

131 3485 268 3528 uxorem
281 3464 415 3540 habent,
440 3463 472 3526 in
487 3463 619 3528 Parthia
634 3465 749 3527 multae
763 3471 892 3527 uxores*
905 3483 1001 3524 unum
1024 3460 1139 3535 virtum

116 3579 166 3630 >et
188 3566 432 3651 omuespudiee
455 3587 489 3628 se
505 3579 646 3651 gerunt,
671 3580 703 3630 et
724 3567 796 3630 viro
820 3565 970 3628 obediunt
992 3566 1137 3649 exlege,

127 3690 214 3754 ¹quae
236 3681 285 3733 est
306 3667 365 3734 illis
388 3669 420 3732 in
441 3669 539 3742 locis;
579 3669 762 3734 Amazones
783 3667 975 3735 vern-viros
997 3689 1061 3730 non
1083 3669 1140 3729 ha-

132 3774 230 3849 bent,
255 3776 312 3836 sed
332 3787 368 3836 ut
390 3785 476 3836 muta
496 3771 664 3843 animantia
685 3774 781 3851 semel
805 3793 886 3836 anno
906 3771 991 3836 cirea
1008 3792 1139 3834 vernum

134 3875 368 3958 aequinoctium
401 3895 548 3961 egressae
579 3875 733 3958 proprios
766 3876 844 3938 fines
880 3897 950 3938 oum
981 3873 1138 3950 finitimis,

132 3977 189 4062 qui
210 3999 282 4044 eum
303 3979 385 4044 diem
406 3979 521 4044 festum
541 3979 680 4058 habent,
728 3979 889 4042 Venerem
914 3977 1067 4062 iungumt:
1102 3999 1144 4040 ex
