2828 4792
308 632 384 710 Ὅτι
403 645 464 730 μέν
484 638 594 716 ἀντίαν
612 645 639 725 ¹)
661 642 736 712 τινόι
754 641 814 712 τίιν
830 644 1027 776 εἰμαρμὲνην
1044 651 1114 725 τοὶς
1143 627 1272 733 γινομέ,

253 769 324 824 νοις
344 748 428 813 ἐῖνοιι
448 750 583 834 λέγουσι
603 743 740 831 πάντες,
772 754 804 818 οἱ
823 755 897 842 περὶ
911 753 1108 842 ἑιμαρμένης
1121 751 1270 837 λέγοντές

253 873 303 927 τι,
335 843 518 976 γνώριμον·
555 846 679 933 ταύτην
702 849 769 973 γὰρ
797 848 998 922 ἀποδιδόασί
1025 878 1061 922 τε
1088 857 1144 974 καί
1165 856 1273 946 φασὶν

254 947 365 1038 ἆιτίαν
379 954 463 1022 ἐίναι
482 978 541 1021 του
526 953 766 1042 γίνεσθαι“
730 981 774 1026 τοι
786 952 961 1045 γινόμενα,
984 950 1023 1026 ὃν
1043 950 1167 1049 τρόπον
1186 955 1275 1043 γίνε-

254 1080 312 1121 ται
332 1055 376 1136 3).
403 1051 493 1124 Ἐπεὶ
507 1058 543 1124 δὲ
563 1060 751 1153 πλεοναχῶς
772 1063 901 1147 λέγεται
920 1057 965 1127 τὰ
984 1056 1077 1129 αίτιοι
1098 1054 1190 1142 5),’
1170 1082 1274 1146 αναγ-

254 1165 350 1227 καῖον
364 1163 434 1238 τοῖς
453 1161 487 1227 ἐν
502 1155 590 1243 τάξει
611 1159 650 1230 τὸ
666 1159 846 1253 πρόβλημα
862 1163 1030 1254 μετιοῦσι,
1060 1162 1191 1256 πρῶτον
1212 1164 1273 1230 λα-
1331 1213 1334 1218 -

254 1263 342 1348 βεῐν,
363 1257 429 1330 ὑπὸ
452 1265 526 1333 τίνα
546 1260 671 1359 τρόπον
692 1258 723 1350 ⁴)
746 1267 811 1338 τῶν
831 1265 947 1338 ιἰιτίοιν
967 1263 1033 1361 χρὴ
1054 1268 1191 1336 τιθέναι
1212 1262 1274 1348 τὴν

255 1367 468 1457 ἱιμοιρμένην·
490 1363 585 1436 οὐδὲν
604 1366 669 1462 γὰρ
684 1372 750 1438 τῶν
762 1373 937 1459 πολλαχῶς
954 1373 1134 1459 λεγομένων
1154 1362 1272 1457 γνῶρν

254 1493 319 1556 μον
333 1476 433 1561 χωρὶς
446 1473 504 1554 τῆς
522 1469 646 1554 ὀιιιείας
663 1476 854 1565 διαιρέσεως
872 1468 1057 1562 λεγόμενον.
1087 1474 1276 1565 Διαιρεῖται

256 1575 292 1640 δὲ
314 1575 343 1655 5)
376 1570 421 1641 τό
443 1577 507 1642 τῶν
530 1580 709 1664 γινομένων
736 1571 829 1644 σἰίτια
858 1578 905 1658 ἒις
932 1572 1077 1668 τρόπους
1100 1571 1216 1644 ἇιτιῶν
1245 1572 1276 1656 ⁶)

257 1679 449 1800 τέσσαρας,
481 1675 647 1760 καθὼς
630 1706 650 1748 ο
675 1681 774 1760 θεῖος
798 1675 1032 1773 Ἀριστοτέλης
1059 1680 1090 1762 7)
1125 1681 1278 1798 ὃέδειχεν.

256 1781 321 1850 τῶν
342 1806 407 1870 γαρ
430 1777 543 1852 σἰιτίων
567 1780 612 1850 τὰ
633 1788 694 1872 μέν
719 1783 790 1854 ἐστι
806 1780 966 1906 ποιητιντόι
990 1782 1020 1866 ⁸)
1027 1835 1038 1867 ‚
1070 1779 1114 1852 τό
1133 1783 1169 1853 δὲ
1196 1773 1277 1865 ὕλης

258 1884 361 2006 ἐπέχει
380 1880 550 1972 λόγον,’
530 1911 602 1954 εστι
623 1890 660 1956 δι’
674 1913 724 1967 τις
748 1891 782 1956 ἐν
796 1884 912 1968 ἆοτοῖς
925 1892 982 1956 καὶ
995 1881 1017 1969 ἡ
1032 1884 1119 1956 κατὰ
1133 1883 1173 1954 τὸ
1189 1887 1278 1966 ἕῐδος
1356 1967 1359 1972 Ι

258 1983 360 2062 ἆιτία.
402 1986 509 2080 Παρὰ
523 1989 610 2058 δὲ
573 2016 634 2070 τοις
652 1997 738 2084 τρεῖς
752 1994 782 2074 9)
797 1988 923 2071 ταύτας
937 1988 1048 2072 οίιτίας
1062 1990 1152 2058 ἔστιν
1169 1984 1278 2080 οιίτιον

258 2087 336 2159 ἕν’
317 2097 431 2171 οιητοῑς
455 2098 512 2162 και
528 2090 567 2160 τὸ
587 2098 678 2175 τέλος
698 2091 814 2177 ¹⁰)‚‘
798 2097 839 2164 οὗ
855 2090 974 2217 χάριν
976 2099 1033 2162 καὶ
1049 2090 1092 2166 τό,
1102 2087 1274 2181 γινόμενον

258 2193 393 2317 γίνεται.
434 2197 506 2266 Καὶ
531 2201 694 2300 τοσαῦται
714 2207 776 2287 μὲν
799 2202 836 2266 αἱ
861 2200 926 2267 τῶν
940 2194 1068 2274 ἆιτίιιν
1094 2199 1276 2318 διαφοραὶ,

260 2289 392 2420 ὅτιγὰρ
408 2294 449 2366 ι’ίν
463 2297 571 2382 ιἰίτιον
587 2290 607 2395 ᾖ
622 2298 732 2384 τινὸς,
753 2296 818 2370 ὑπὸ
833 2296 958 2370 τούτων
978 2307 1011 2370 τὶ
1027 2302 1092 2368 τῶν
1109 2295 1223 2368 αιτίων
1238 2294 1278 2367 ίίν

259 2397 491 2496 ἑορεθήσεται.
533 2403 661 2474 Kaz'
622 2431 687 2493 γαρ
704 2408 732 2475 ἐι
745 2403 792 2495 μὴ
806 2401 917 2474 πάντα
930 2401 976 2473 τότ
987 2398 1143 2493 γινόμενα
1153 2397 1278 2472 τοσαί-

259 2531 325 2576 των
340 2503 454 2578 ἆιτίων
468 2510 592 2590 δεῖται,
614 2503 703 2580 ἀλλὰ
717 2505 761 2577 τοί
773 2535 810 2596 γε
823 2508 984 2580 πλείστων
998 2501 1138 2595 δεόμενοι
1152 2505 1195 2587 ¹¹)
1210 2500 1281 2594 οὐχ’-

260 2605 448 2702 ίπερβαίνει
469 2607 528 2680 τόν
550 2609 705 2705 ἀριθμὸν
724 2609 784 2681 τὸν
804 2614 982 2705 ἐιρημὲνον.
1033 2612 1276 2701 Ηνρηιντὲρα

261 2704 287 2786 ό
311 2709 352 2780 όίν
368 2718 416 2797 ¹²)
438 2711 547 2786 ἀντῶν
563 2712 584 2799 ἡ
608 2713 760 2811 διαφορὰ
778 2717 922 2804 γίνοιτο,
942 2713 1035 2782 εἰὲπλ
1047 2713 1277 2804 παραδείγμα-

261 2815 319 2900 τός
340 2843 429 2898 τινος
445 2821 510 2894 τῶν
520 2824 698 2910 γινομένων
715 2824 758 2905 15)
779 2816 934 2912 ὁραθείη.
968 2813 1077 2888 Ἔστω
1098 2815 1140 2900 δὴ
1157 2813 1202 2886 ἐπ’
1219 2813 1287 2885 ἆν-.

161 2986 167 3000 s
261 2918 416 3017 ὃριοίντος
433 2920 511 3014 ἡμῖν
531 2920 637 3009 ἡτῶν
658 2922 772 2994 ἄιτίων
789 2925 977 3047 όειιτννμόνη
989 2922 1162 3043 όιαίρεσις.
1210 2920 1281 2988 Τοῶ

258 3025 303 3112 ὃν)
317 3025 555 3152 ῶνδριοίντος“
532 3056 576 3108 ως
587 3038 648 3117 μὲν
662 3025 835 3112 ποιητικὸν
851 3023 960 3096 σἰίτιον
981 3050 1001 3092 ο
1014 3048 1159 3108 ποιησας
1168 3022 1281 3144 τεχνί-

261 3157 340 3216 της,
369 3127 408 3200 όν
423 3129 699 3225 ἀνδριαντοποιὸν
713 3133 896 3254 καλρμμεν,
929 3125 972 3209 ὡς
987 3131 1023 3196 δὲ
1041 3121 1177 3228 ἡίίλη
1159 3154 1178 3196 ο
1197 3122 1282 3200 ὑπο

261 3237 405 3327 κείμενος
417 3232 579 3325 χαλκὸς’“
558 3263 579 3318 η
597 3230 760 3316 λίθος,“
738 3261 759 3318 η
780 3225 844 3314 όμι
865 3230 907 3302 ι’ίν
928 3219 948 3330 ᾖ
967 3230 1006 3301 τὸ
1020 3228 1086 3302 ὑπὸ
1101 3232 1162 3300 τοῦ
1174 3230 1279 3319 τεχνί-

261 3366 321 3412 τον
336 3338 381 3424 ¹⁴)
397 3334 675 3460 σχηματιζόμενον
692 3333 778 3404 κατὰ
796 3332 856 3418 τὴν
866 3341 999 3458 τέχνην
1022 3331 1129 3404 ἆίτιον
1141 3329 1208 3425 γὰρ
1223 3336 1282 3402 καὶ

263 3448 361 3520 τοῦτο
380 3447 440 3514 τοῦ
456 3448 624 3533 γεγονέναι
644 3465 679 3514 τε
700 3446 756 3508 καὶ
776 3442 860 3512 τ’ῑναι
878 3437 937 3512 τὸν
953 3432 1147 3529 ἀνδριάντα
1181 3433 1281 3510 Ἔστι

263 3553 298 3618 δὲ
313 3547 422 3618 καὶτὸ
440 3551 526 3626 ε’ῐὸος
544 3543 582 3612 τό
597 3549 631 3613 ἐν
647 3547 693 3637 τῷ
711 3540 910 3636 ὑποκειμένῳ
925 3536 1032 3634 τούτῳ
1046 3535 1219 3630 γινόμενον
1233 3541 1280 3623 ³5)

263 3651 327 3723 ὑπὸ
353 3655 414 3720 τοῦ
430 3651 598 3740 τεχνίτου,
625 3653 682 3716 καὶ
698 3643 781 3716 σἰοτὸ
798 3647 859 3714 τοῦ
878 3638 1076 3774 ἀνδριρίντος
1090 3641 1215 3726 ἆίτιον,
1236 3638 1278 3712 δι’

166 3779 169 3786 “
264 3784 283 3825 ο
299 3759 387 3826 εστιν
404 3758 496 3833 ἐίδος
505 3747 686 3835 δισκεόόνῆ
701 3747 869 3871 ἀκρντίζον
877 3746 990 3832 16),’“η
1006 3751 1045 3816 ἐπ
1041 3745 1176 3816 ’ἄλλον
1191 3743 1282 3826 τινός

265 3857 447 3984 ῶρισμὲνοο
458 3850 636 3980 σχήματος.
646 3853 704 3926 Ov
718 3851 805 3943 μόνοι
816 3855 852 3920 δὲ
867 3855 973 3920 ταῦτα
984 3853 1044 3934 τῆς
1055 3876 1113 3920 τοι
1098 3845 1280 3942 ἀνδριάν-

243 3975 247 3984 ’
265 3989 322 4042 τος
332 3965 484 4050 γενέσεως
499 3955 591 4030 οίίτια
606 3959 711 4038 ἔστιν,
734 3951 914 4034 οὐδενὸς“
875 3981 941 4047 γαρ
952 3958 1016 4024 τῶν
1027 3950 1142 4024 ἆιτίων
1155 3956 1214 4036 τῆς
1227 3978 1279 4040 γε·
