<?xml version="1.0" encoding="UTF-8"?>
<!DOCTYPE html PUBLIC "-//W3C//DTD XHTML 1.0 Transitional//EN"
    "http://www.w3.org/TR/xhtml1/DTD/xhtml1-transitional.dtd">
<html xmlns="http://www.w3.org/1999/xhtml" xml:lang="en" lang="en">
 <head>
  <title>
</title>
<meta http-equiv="Content-Type" content="text/html;charset=utf-8" />
  <meta name='ocr-system' content='tesseract 3.04.00' />
  <meta name='ocr-capabilities' content='ocr_page ocr_carea ocr_par ocr_line ocrx_word'/>
</head>
<body>
  <div class='ocr_page' id='page_1' title='image "./alexandriaphrod01bardgoog_0095.png"; bbox 0 0 2782 4790; ppageno 0'>
   <div class='ocr_carea' id='block_1_1' title="bbox 253 432 294 493">
    <p class='ocr_par' dir='ltr' id='par_1_1' title="bbox 253 432 294 493">
     <span class='ocr_line' id='line_1_1' title="bbox 253 432 294 493; baseline 0 0"><span class='ocrx_word' id='word_1_1' title='bbox 253 432 294 493; x_wconf 87' lang='lat'><em>80</em></span> 
     </span>
    </p>
   </div>
   <div class='ocr_carea' id='block_1_2' title="bbox 178 593 1295 4102">
    <p class='ocr_par' dir='ltr' id='par_1_2' title="bbox 178 593 1295 4102">
     <span class='ocr_line' id='line_1_2' title="bbox 251 593 1258 695; baseline -0.005 -27"><span class='ocrx_word' id='word_1_2' title='bbox 251 595 272 682; x_wconf 81' lang='grc' dir='ltr'><em>ἡ</em></span> <span class='ocrx_word' id='word_1_3' title='bbox 298 595 422 668; x_wconf 80' lang='grc' dir='ltr'><em>τούτων</em></span> <span class='ocrx_word' id='word_1_4' title='bbox 442 599 608 695; x_wconf 78' lang='grc' dir='ltr'><em>περιφορὰ</em></span> <span class='ocrx_word' id='word_1_5' title='bbox 629 597 689 685; x_wconf 84' lang='grc' dir='ltr'><em>τὴν</em></span> <span class='ocrx_word' id='word_1_6' title='bbox 716 603 778 670; x_wconf 80' lang='grc' dir='ltr'><em>τῶν</em></span> <span class='ocrx_word' id='word_1_7' title='bbox 806 603 981 688; x_wconf 73' lang='grc' dir='ltr'><em>γινομένων</em></span> <span class='ocrx_word' id='word_1_8' title='bbox 1010 601 1044 666; x_wconf 77' lang='grc' dir='ltr'><em>έν</em></span> <span class='ocrx_word' id='word_1_9' title='bbox 1072 599 1118 692; x_wconf 75' lang='grc' dir='ltr'><em>τῷ</em></span> <span class='ocrx_word' id='word_1_10' title='bbox 1144 593 1258 690; x_wconf 83' lang='grc' dir='ltr'><em>κόσμῳ</em></span> 
     </span>
     <span class='ocr_line' id='line_1_3' title="bbox 253 697 1260 796; baseline -0.003 -26"><span class='ocrx_word' id='word_1_11' title='bbox 253 708 420 792; x_wconf 81' lang='grc' dir='ltr'><em>συνέχειαν</em></span> <span class='ocrx_word' id='word_1_12' title='bbox 441 701 634 796; x_wconf 74' lang='grc' dir='ltr'><em>φυλάσσειν.</em></span> <span class='ocrx_word' id='word_1_13' title='bbox 672 701 760 774; x_wconf 78' lang='grc' dir='ltr'><em>Ἀλλ’</em></span> <span class='ocrx_word' id='word_1_14' title='bbox 786 700 861 770; x_wconf 77' lang='grc' dir='ltr'><em>οὐδὲ</em></span> <span class='ocrx_word' id='word_1_15' title='bbox 890 699 928 768; x_wconf 88' lang='grc' dir='ltr'><em>τὸ</em></span> <span class='ocrx_word' id='word_1_16' title='bbox 956 707 1145 793; x_wconf 85' lang='grc' dir='ltr'><em>περιπατεῖν</em></span> <span class='ocrx_word' id='word_1_17' title='bbox 1166 697 1260 768; x_wconf 81' lang='grc' dir='ltr'><em>ἀναί-</em></span> 
     </span>
     <span class='ocr_line' id='line_1_4' title="bbox 252 798 1257 895; baseline 0 -23"><span class='ocrx_word' id='word_1_18' title='bbox 252 829 344 887; x_wconf 86' lang='grc' dir='ltr'><em>τιον,</em></span> <span class='ocrx_word' id='word_1_19' title='bbox 371 808 437 873; x_wconf 75' lang='grc' dir='ltr'><em>ἐπεὶ</em></span> <span class='ocrx_word' id='word_1_20' title='bbox 456 804 504 895; x_wconf 82' lang='grc' dir='ltr'><em>μὴ</em></span> <span class='ocrx_word' id='word_1_21' title='bbox 526 809 561 874; x_wconf 83' lang='grc' dir='ltr'><em>εἰι</em></span> <span class='ocrx_word' id='word_1_22' title='bbox 582 809 642 875; x_wconf 78' lang='grc' dir='ltr'><em>τοῦ</em></span> <span class='ocrx_word' id='word_1_23' title='bbox 663 805 847 888; x_wconf 78' lang='grc' dir='ltr'><em>ἀναστῆναι</em></span> <span class='ocrx_word' id='word_1_24' title='bbox 869 803 928 887; x_wconf 82' lang='grc' dir='ltr'><em>τὴν</em></span> <span class='ocrx_word' id='word_1_25' title='bbox 950 802 1061 873; x_wconf 87' lang='grc' dir='ltr'><em>ἀιτίαν</em></span> <span class='ocrx_word' id='word_1_26' title='bbox 1082 805 1162 895; x_wconf 82' lang='grc' dir='ltr'><em>ἔχει,</em></span> <span class='ocrx_word' id='word_1_27' title='bbox 1183 798 1257 873; x_wconf 73' lang='grc' dir='ltr'><em>ὥστ’</em></span> 
     </span>
     <span class='ocr_line' id='line_1_5' title="bbox 254 903 1261 1002; baseline -0.001 -26"><span class='ocrx_word' id='word_1_28' title='bbox 254 905 314 998; x_wconf 77' lang='grc' dir='ltr'><em>οὐχ</em></span> <span class='ocrx_word' id='word_1_29' title='bbox 348 905 453 989; x_wconf 83' lang='grc' dir='ltr'><em>ὁύτως</em></span> <span class='ocrx_word' id='word_1_30' title='bbox 485 907 600 978; x_wconf 89' lang='grc' dir='ltr'><em>ἀιτίων</em></span> <span class='ocrx_word' id='word_1_31' title='bbox 634 909 746 1002; x_wconf 81' lang='grc' dir='ltr'><em>έιρμός</em></span> <span class='ocrx_word' id='word_1_32' title='bbox 786 905 838 978; x_wconf 76' lang='grc' dir='ltr'><em>ὑπ’</em></span> <span class='ocrx_word' id='word_1_33' title='bbox 876 905 985 976; x_wconf 77' lang='grc' dir='ltr'><em>ἀυτῶν</em></span> <span class='ocrx_word' id='word_1_34' title='bbox 1015 903 1200 998; x_wconf 75' lang='grc' dir='ltr'><em>λεγόμενος</em></span> <span class='ocrx_word' id='word_1_35' title='bbox 1219 912 1261 990; x_wconf 88' lang='lat'><em>¹¹)</em></span> 
     </span>
     <span class='ocr_line' id='line_1_6' title="bbox 253 1007 1295 1106; baseline 0.003 -29"><span class='ocrx_word' id='word_1_36' title='bbox 253 1007 394 1099; x_wconf 81' lang='grc' dir='ltr'><em>έυλόχως</em></span> <span class='ocrx_word' id='word_1_37' title='bbox 414 1009 456 1080; x_wconf 83' lang='grc' dir='ltr'><em>ἀν</em></span> <span class='ocrx_word' id='word_1_38' title='bbox 476 1015 537 1080; x_wconf 79' lang='grc' dir='ltr'><em>τοῦ</em></span> <span class='ocrx_word' id='word_1_39' title='bbox 557 1016 658 1102; x_wconf 79' lang='grc' dir='ltr'><em>μηδὲν</em></span> <span class='ocrx_word' id='word_1_40' title='bbox 679 1010 833 1092; x_wconf 72' lang='grc' dir='ltr'><em>ἀναιτίως</em></span> <span class='ocrx_word' id='word_1_41' title='bbox 853 1007 1012 1100; x_wconf 74' lang='grc' dir='ltr'><em>γίνεσθαι</em></span> <span class='ocrx_word' id='word_1_42' title='bbox 1037 1017 1175 1106; x_wconf 82' lang='grc' dir='ltr'><em>φέροιτο</em></span> <span class='ocrx_word' id='word_1_43' title='bbox 1202 1011 1264 1096; x_wconf 77' lang='grc' dir='ltr'><em>τὴν</em></span> <span class='ocrx_word' id='word_1_44' title='bbox 1294 1021 1295 1025; x_wconf 73' lang='grc'>’</span> 
     </span>
     <span class='ocr_line' id='line_1_7' title="bbox 252 1110 1264 1208; baseline 0.006 -28"><span class='ocrx_word' id='word_1_45' title='bbox 252 1110 375 1186; x_wconf 90' lang='grc' dir='ltr'><em>ἀιτίαν.</em></span> <span class='ocrx_word' id='word_1_46' title='bbox 413 1111 474 1196; x_wconf 88' lang='grc' dir='ltr'><em>Ὡς</em></span> <span class='ocrx_word' id='word_1_47' title='bbox 494 1115 559 1208; x_wconf 83' lang='grc' dir='ltr'><em>χάρ</em></span> <span class='ocrx_word' id='word_1_48' title='bbox 582 1121 618 1184; x_wconf 86' lang='grc' dir='ltr'><em>αἱ</em></span> <span class='ocrx_word' id='word_1_49' title='bbox 639 1113 782 1200; x_wconf 78' lang='grc' dir='ltr'><em>κινήσεις</em></span> <span class='ocrx_word' id='word_1_50' title='bbox 802 1123 858 1184; x_wconf 84' lang='grc' dir='ltr'><em>καὶ</em></span> <span class='ocrx_word' id='word_1_51' title='bbox 887 1121 919 1184; x_wconf 90' lang='grc' dir='ltr'><em>οἱ</em></span> <span class='ocrx_word' id='word_1_52' title='bbox 937 1112 1055 1208; x_wconf 82' lang='grc' dir='ltr'><em>χρόνοι</em></span> <span class='ocrx_word' id='word_1_53' title='bbox 1072 1117 1182 1206; x_wconf 81' lang='grc' dir='ltr'><em>έχουσι</em></span> <span class='ocrx_word' id='word_1_54' title='bbox 1203 1121 1264 1205; x_wconf 79' lang='grc' dir='ltr'><em>μέν</em></span> 
     </span>
     <span class='ocr_line' id='line_1_8' title="bbox 178 1214 1264 1313; baseline 0.005 -30"><span class='ocrx_word' id='word_1_55' title='bbox 178 1288 182 1298; x_wconf 47' lang='grc'>,</span> <span class='ocrx_word' id='word_1_56' title='bbox 253 1242 329 1284; x_wconf 85' lang='grc' dir='ltr'><em>τινα</em></span> <span class='ocrx_word' id='word_1_57' title='bbox 349 1214 476 1302; x_wconf 86' lang='grc' dir='ltr'><em>ἀιτίαν,</em></span> <span class='ocrx_word' id='word_1_58' title='bbox 510 1216 549 1287; x_wconf 88' lang='lat'><em>03</em></span> <span class='ocrx_word' id='word_1_59' title='bbox 576 1217 642 1308; x_wconf 84' lang='grc' dir='ltr'><em>μὴν</em></span> <span class='ocrx_word' id='word_1_60' title='bbox 670 1217 744 1288; x_wconf 82' lang='grc' dir='ltr'><em>ὀίτε</em></span> <span class='ocrx_word' id='word_1_61' title='bbox 772 1215 793 1302; x_wconf 77' lang='grc' dir='ltr'><strong><em>ἡ</em></strong></span> <span class='ocrx_word' id='word_1_62' title='bbox 823 1220 948 1303; x_wconf 82' lang='grc' dir='ltr'><em>κίνησις</em></span> <span class='ocrx_word' id='word_1_63' title='bbox 976 1216 1035 1302; x_wconf 81' lang='grc' dir='ltr'><em>τὴν</em></span> <span class='ocrx_word' id='word_1_64' title='bbox 1057 1218 1123 1313; x_wconf 89' lang='grc' dir='ltr'><em>πρὸ</em></span> <span class='ocrx_word' id='word_1_65' title='bbox 1145 1217 1264 1303; x_wconf 81' lang='grc' dir='ltr'><em>ἀυτῆς,</em></span> 
     </span>
     <span class='ocr_line' id='line_1_9' title="bbox 254 1315 1265 1416; baseline 0.003 -29"><span class='ocrx_word' id='word_1_66' title='bbox 254 1315 329 1388; x_wconf 81' lang='grc' dir='ltr'><em>ὄύτε</em></span> <span class='ocrx_word' id='word_1_67' title='bbox 352 1317 371 1387; x_wconf 91' lang='grc' dir='ltr'>ὁ</span> <span class='ocrx_word' id='word_1_68' title='bbox 390 1318 510 1415; x_wconf 82' lang='grc' dir='ltr'><em>χρόνος</em></span> <span class='ocrx_word' id='word_1_69' title='bbox 531 1320 589 1392; x_wconf 87' lang='grc' dir='ltr'><em>τὸν</em></span> <span class='ocrx_word' id='word_1_70' title='bbox 610 1321 675 1416; x_wconf 85' lang='grc' dir='ltr'><em>πρὸ</em></span> <span class='ocrx_word' id='word_1_71' title='bbox 697 1319 800 1391; x_wconf 83' lang='grc' dir='ltr'><em>ἀυτοῦ</em></span> <span class='ocrx_word' id='word_1_72' title='bbox 826 1319 965 1415; x_wconf 83' lang='grc' dir='ltr'><em>χρόνον,</em></span> <span class='ocrx_word' id='word_1_73' title='bbox 998 1319 1103 1402; x_wconf 82' lang='grc' dir='ltr'><em>ὁίτως</em></span> <span class='ocrx_word' id='word_1_74' title='bbox 1123 1323 1186 1413; x_wconf 79' lang='grc' dir='ltr'><em>ἔχει</em></span> <span class='ocrx_word' id='word_1_75' title='bbox 1207 1330 1265 1391; x_wconf 84' lang='grc' dir='ltr'><em>καὶ</em></span> 
     </span>
     <span class='ocr_line' id='line_1_10' title="bbox 239 1421 1265 1520; baseline 0.006 -30"><span class='ocrx_word' id='word_1_76' title='bbox 239 1422 299 1490; x_wconf 81' lang='grc' dir='ltr'><em>Ιτοί</em></span> <span class='ocrx_word' id='word_1_77' title='bbox 318 1427 353 1494; x_wconf 84' lang='grc' dir='ltr'><em>έν</em></span> <span class='ocrx_word' id='word_1_78' title='bbox 374 1422 492 1506; x_wconf 86' lang='grc' dir='ltr'><em>ἀυτοῖς</em></span> <span class='ocrx_word' id='word_1_79' title='bbox 512 1452 547 1494; x_wconf 88' lang='grc' dir='ltr'><em>τε</em></span> <span class='ocrx_word' id='word_1_80' title='bbox 568 1432 624 1493; x_wconf 87' lang='grc' dir='ltr'><em>καὶ</em></span> <span class='ocrx_word' id='word_1_81' title='bbox 644 1425 687 1492; x_wconf 88' lang='grc' dir='ltr'><em>τά</em></span> <span class='ocrx_word' id='word_1_82' title='bbox 708 1422 749 1493; x_wconf 80' lang='grc' dir='ltr'><em>δι’</em></span> <span class='ocrx_word' id='word_1_83' title='bbox 773 1421 880 1494; x_wconf 80' lang='grc' dir='ltr'><em>ἀυτῶν</em></span> <span class='ocrx_word' id='word_1_84' title='bbox 903 1423 1059 1516; x_wconf 78' lang='grc' dir='ltr'><em>γινόμενα</em></span> <span class='ocrx_word' id='word_1_85' title='bbox 1073 1423 1265 1520; x_wconf 83' lang='grc' dir='ltr'><em>πράχματα.</em></span> 
     </span>
     <span class='ocr_line' id='line_1_11' title="bbox 260 1525 1266 1621; baseline 0.005 -27"><span class='ocrx_word' id='word_1_86' title='bbox 260 1527 328 1610; x_wconf 78' lang='grc' dir='ltr'><em>Τῆς</em></span> <span class='ocrx_word' id='word_1_87' title='bbox 358 1536 419 1617; x_wconf 80' lang='grc' dir='ltr'><em>μέν</em></span> <span class='ocrx_word' id='word_1_88' title='bbox 452 1528 517 1621; x_wconf 82' lang='grc' dir='ltr'><em>χάρ</em></span> <span class='ocrx_word' id='word_1_89' title='bbox 554 1530 719 1618; x_wconf 80' lang='grc' dir='ltr'><em>συνεχείας</em></span> <span class='ocrx_word' id='word_1_90' title='bbox 746 1530 810 1595; x_wconf 84' lang='grc' dir='ltr'><em>τῶν</em></span> <span class='ocrx_word' id='word_1_91' title='bbox 837 1525 951 1597; x_wconf 82' lang='grc' dir='ltr'><em>ἀιτίων</em></span> <span class='ocrx_word' id='word_1_92' title='bbox 980 1531 1049 1597; x_wconf 79' lang='grc' dir='ltr'><em>ἐστί</em></span> <span class='ocrx_word' id='word_1_93' title='bbox 1077 1556 1129 1610; x_wconf 88' lang='grc' dir='ltr'><em>τις</em></span> <span class='ocrx_word' id='word_1_94' title='bbox 1155 1528 1266 1615; x_wconf 86' lang='grc' dir='ltr'><em>ἀιτίοι,</em></span> 
     </span>
     <span class='ocr_line' id='line_1_12' title="bbox 256 1626 1267 1722; baseline 0.005 -23"><span class='ocrx_word' id='word_1_95' title='bbox 256 1627 296 1699; x_wconf 77' lang='lat'><em>33</em></span> <span class='ocrx_word' id='word_1_96' title='bbox 319 1626 362 1714; x_wconf 74' lang='grc' dir='ltr'><em>ἣν</em></span> <span class='ocrx_word' id='word_1_97' title='bbox 383 1627 402 1698; x_wconf 89' lang='lat'><em>3</em></span> <span class='ocrx_word' id='word_1_98' title='bbox 424 1628 549 1722; x_wconf 83' lang='grc' dir='ltr'><em>κόσμος</em></span> <span class='ocrx_word' id='word_1_99' title='bbox 571 1635 615 1711; x_wconf 79' lang='grc' dir='ltr'><em>ε’ῐς</em></span> <span class='ocrx_word' id='word_1_100' title='bbox 644 1657 679 1698; x_wconf 86' lang='grc' dir='ltr'><em>τε</em></span> <span class='ocrx_word' id='word_1_101' title='bbox 707 1637 762 1698; x_wconf 80' lang='grc' dir='ltr'><em>καὶ</em></span> <span class='ocrx_word' id='word_1_102' title='bbox 791 1627 900 1711; x_wconf 80' lang='grc' dir='ltr'><em>ἀΐδιος</em></span> <span class='ocrx_word' id='word_1_103' title='bbox 926 1630 1013 1699; x_wconf 85' lang='grc' dir='ltr'><em>κατά</em></span> <span class='ocrx_word' id='word_1_104' title='bbox 1043 1630 1082 1700; x_wconf 86' lang='grc' dir='ltr'><em>τὸ</em></span> <span class='ocrx_word' id='word_1_105' title='bbox 1114 1630 1199 1703; x_wconf 86' lang='grc' dir='ltr'><em>ἀυτό</em></span> <span class='ocrx_word' id='word_1_106' title='bbox 1230 1659 1267 1704; x_wconf 86' lang='grc' dir='ltr'><em>τε</em></span> 
     </span>
     <span class='ocr_line' id='line_1_13' title="bbox 259 1729 1268 1824; baseline 0.004 -22"><span class='ocrx_word' id='word_1_107' title='bbox 259 1740 315 1802; x_wconf 84' lang='grc' dir='ltr'><em>καὶ</em></span> <span class='ocrx_word' id='word_1_108' title='bbox 337 1729 489 1813; x_wconf 77' lang='grc' dir='ltr'><em>ὦςατίτως</em></span> <span class='ocrx_word' id='word_1_109' title='bbox 510 1731 560 1802; x_wconf 83' lang='grc' dir='ltr'><em>ἀεὶ</em></span> <span class='ocrx_word' id='word_1_110' title='bbox 583 1731 816 1824; x_wconf 79' lang='grc' dir='ltr'><em>διοικούμενος.</em></span> <span class='ocrx_word' id='word_1_111' title='bbox 857 1737 930 1802; x_wconf 86' lang='grc' dir='ltr'><em>Καὶ</em></span> <span class='ocrx_word' id='word_1_112' title='bbox 948 1729 1001 1803; x_wconf 79' lang='grc' dir='ltr'><em>δεῖ</em></span> <span class='ocrx_word' id='word_1_113' title='bbox 1017 1733 1141 1820; x_wconf 79' lang='grc' dir='ltr'><em>ταύτην</em></span> <span class='ocrx_word' id='word_1_114' title='bbox 1162 1741 1268 1822; x_wconf 80' lang='grc' dir='ltr'><em>ζητεῖν</em></span> 
     </span>
     <span class='ocr_line' id='line_1_14' title="bbox 256 1833 1268 1935; baseline 0.005 -31"><span class='ocrx_word' id='word_1_115' title='bbox 256 1863 292 1905; x_wconf 93' lang='grc' dir='ltr'><em>τε</em></span> <span class='ocrx_word' id='word_1_116' title='bbox 321 1845 377 1905; x_wconf 79' lang='grc' dir='ltr'><em>καὶ</em></span> <span class='ocrx_word' id='word_1_117' title='bbox 404 1841 612 1930; x_wconf 76' lang='grc' dir='ltr'><em>παραλαβεῖν</em></span> <span class='ocrx_word' id='word_1_118' title='bbox 643 1834 704 1919; x_wconf 82' lang='grc' dir='ltr'><em>τὴν</em></span> <span class='ocrx_word' id='word_1_119' title='bbox 736 1833 847 1905; x_wconf 90' lang='grc' dir='ltr'><em>ἀιτίαν</em></span> <span class='ocrx_word' id='word_1_120' title='bbox 878 1836 940 1920; x_wconf 66' lang='grc'><em>12)·</em></span> <span class='ocrx_word' id='word_1_121' title='bbox 976 1837 1015 1908; x_wconf 88' lang='lat'><em>03</em></span> <span class='ocrx_word' id='word_1_122' title='bbox 1046 1838 1112 1930; x_wconf 77' lang='grc' dir='ltr'><em>μὴν</em></span> <span class='ocrx_word' id='word_1_123' title='bbox 1136 1840 1201 1935; x_wconf 81' lang='grc' dir='ltr'><em>χρὴ</em></span> <span class='ocrx_word' id='word_1_124' title='bbox 1224 1843 1268 1924; x_wconf 79' lang='lat'><em>¹⁵)</em></span> 
     </span>
     <span class='ocr_line' id='line_1_15' title="bbox 234 1935 1268 2037; baseline 0.007 -30"><span class='ocrx_word' id='word_1_125' title='bbox 234 1940 237 1952; x_wconf 79' lang='lat'>‘</span> <span class='ocrx_word' id='word_1_126' title='bbox 257 1937 415 2024; x_wconf 83' lang='grc' dir='ltr'><em>τοιαύτην</em></span> <span class='ocrx_word' id='word_1_127' title='bbox 443 1935 711 2029; x_wconf 77' lang='grc' dir='ltr'><em>ὑπολαμβάνειν,</em></span> <span class='ocrx_word' id='word_1_128' title='bbox 748 1943 807 2018; x_wconf 79' lang='grc' dir='ltr'><em>ἕως</em></span> <span class='ocrx_word' id='word_1_129' title='bbox 833 1935 878 2024; x_wconf 75' lang='lat'><em>¹⁴)</em></span> <span class='ocrx_word' id='word_1_130' title='bbox 907 1945 941 2010; x_wconf 79' lang='grc' dir='ltr'><em>ἐκ</em></span> <span class='ocrx_word' id='word_1_131' title='bbox 958 1947 1023 2029; x_wconf 64' lang='grc' dir='ltr'><em>,τοῦ</em></span> <span class='ocrx_word' id='word_1_132' title='bbox 1042 1945 1268 2037; x_wconf 76' lang='grc' dir='ltr'><em>πρεσβυτέρου</em></span> 
     </span>
     <span class='ocr_line' id='line_1_16' title="bbox 255 2039 1271 2137; baseline 0.005 -25"><span class='ocrx_word' id='word_1_133' title='bbox 255 2047 417 2132; x_wconf 70' lang='grc' dir='ltr'><em>γίνεσθαι</em></span> <span class='ocrx_word' id='word_1_134' title='bbox 444 2041 484 2111; x_wconf 84' lang='grc' dir='ltr'><em>τὸ</em></span> <span class='ocrx_word' id='word_1_135' title='bbox 511 2039 687 2134; x_wconf 84' lang='grc' dir='ltr'><em>νεώτερον,</em></span> <span class='ocrx_word' id='word_1_136' title='bbox 724 2039 767 2123; x_wconf 83' lang='grc' dir='ltr'><em>ὡς</em></span> <span class='ocrx_word' id='word_1_137' title='bbox 795 2039 920 2137; x_wconf 75' lang='grc' dir='ltr'><em>ὁρῶμεν</em></span> <span class='ocrx_word' id='word_1_138' title='bbox 946 2043 1117 2136; x_wconf 79' lang='grc' dir='ltr'><em>γινόμενον</em></span> <span class='ocrx_word' id='word_1_139' title='bbox 1137 2049 1189 2116; x_wconf 79' lang='grc' dir='ltr'><em>ἐπί</em></span> <span class='ocrx_word' id='word_1_140' title='bbox 1210 2054 1271 2133; x_wconf 81' lang='grc' dir='ltr'><em>τῆς</em></span> 
     </span>
     <span class='ocr_line' id='line_1_17' title="bbox 257 2143 1271 2242; baseline 0.005 -25"><span class='ocrx_word' id='word_1_141' title='bbox 257 2150 322 2217; x_wconf 81' lang='grc' dir='ltr'><em>τῶν</em></span> <span class='ocrx_word' id='word_1_142' title='bbox 350 2143 440 2230; x_wconf 82' lang='grc' dir='ltr'><em>ζώων</em></span> <span class='ocrx_word' id='word_1_143' title='bbox 466 2151 635 2234; x_wconf 76' lang='grc' dir='ltr'><em>γενέσεως·</em></span> <span class='ocrx_word' id='word_1_144' title='bbox 657 2143 806 2234; x_wconf 64' lang='grc' dir='ltr'><em>·“έιίλοχον</em></span> <span class='ocrx_word' id='word_1_145' title='bbox 841 2149 877 2214; x_wconf 75' lang='grc' dir='ltr'><em>δὲ</em></span> <span class='ocrx_word' id='word_1_146' title='bbox 904 2156 961 2217; x_wconf 84' lang='grc' dir='ltr'><em>καὶ</em></span> <span class='ocrx_word' id='word_1_147' title='bbox 992 2146 1096 2242; x_wconf 76' lang='grc' dir='ltr'><em>ἀρχήν</em></span> <span class='ocrx_word' id='word_1_148' title='bbox 1128 2177 1203 2222; x_wconf 88' lang='grc' dir='ltr'><em>τινα</em></span> <span class='ocrx_word' id='word_1_149' title='bbox 1236 2158 1271 2222; x_wconf 82' lang='grc' dir='ltr'><em>ἐν</em></span> 
     </span>
     <span class='ocr_line' id='line_1_18' title="bbox 256 2247 1271 2348; baseline 0.006 -29"><span class='ocrx_word' id='word_1_150' title='bbox 256 2255 327 2330; x_wconf 85' lang='grc' dir='ltr'><em>τοῖς</em></span> <span class='ocrx_word' id='word_1_151' title='bbox 359 2247 479 2329; x_wconf 85' lang='grc' dir='ltr'><em>ἀιτὶοις</em></span> <span class='ocrx_word' id='word_1_152' title='bbox 512 2253 596 2318; x_wconf 90' lang='grc' dir='ltr'><em>έῖναι</em></span> <span class='ocrx_word' id='word_1_153' title='bbox 630 2249 734 2336; x_wconf 73' lang='grc' dir='ltr'><em>λέγειν</em></span> <span class='ocrx_word' id='word_1_154' title='bbox 741 2302 750 2333; x_wconf 90' lang='grc'><strong><em>,</em></strong></span> <span class='ocrx_word' id='word_1_155' title='bbox 786 2247 892 2319; x_wconf 83' lang='grc' dir='ltr'><em>οὐκέτι</em></span> <span class='ocrx_word' id='word_1_156' title='bbox 931 2249 1035 2338; x_wconf 86' lang='grc' dir='ltr'><em>ἀλλην</em></span> <span class='ocrx_word' id='word_1_157' title='bbox 1065 2254 1131 2348; x_wconf 87' lang='grc' dir='ltr'><em>πρὸ</em></span> <span class='ocrx_word' id='word_1_158' title='bbox 1167 2254 1271 2339; x_wconf 80' lang='grc' dir='ltr'><em>ἀυτῆς</em></span> 
     </span>
     <span class='ocr_line' id='line_1_19' title="bbox 256 2348 1271 2486; baseline 0.005 -62.01"><span class='ocrx_word' id='word_1_159' title='bbox 256 2351 362 2474; x_wconf 72' lang='grc' dir='ltr'><em>ἀρχὴν</em></span> <span class='ocrx_word' id='word_1_160' title='bbox 383 2379 439 2420; x_wconf 82' lang='grc' dir='ltr'><em>και</em></span> <span class='ocrx_word' id='word_1_161' title='bbox 460 2349 571 2421; x_wconf 83' lang='grc' dir='ltr'><em>ἀιτίαν</em></span> <span class='ocrx_word' id='word_1_162' title='bbox 592 2353 741 2441; x_wconf 80' lang='grc' dir='ltr'><em>ἔχουσαν.</em></span> <span class='ocrx_word' id='word_1_163' title='bbox 788 2348 834 2420; x_wconf 84' lang='lat'><em>03</em></span> <span class='ocrx_word' id='word_1_164' title='bbox 862 2351 926 2449; x_wconf 77' lang='grc' dir='ltr'><em>γὰρ</em></span> <span class='ocrx_word' id='word_1_165' title='bbox 956 2359 985 2424; x_wconf 78' lang='grc' dir='ltr'><em>ἐι</em></span> <span class='ocrx_word' id='word_1_166' title='bbox 1010 2351 1121 2426; x_wconf 87' lang='grc' dir='ltr'><em>ποίντα</em></span> <span class='ocrx_word' id='word_1_167' title='bbox 1147 2355 1191 2428; x_wconf 87' lang='grc' dir='ltr'><em>τ’ἀ</em></span> <span class='ocrx_word' id='word_1_168' title='bbox 1218 2389 1271 2486; x_wconf 84' lang='grc' dir='ltr'><em>χι-</em></span> 
     </span>
     <span class='ocr_line' id='line_1_20' title="bbox 257 2451 1271 2576; baseline 0.006 -51"><span class='ocrx_word' id='word_1_169' title='bbox 257 2455 380 2546; x_wconf 86' lang='grc' dir='ltr'><em>νόμενα</em></span> <span class='ocrx_word' id='word_1_170' title='bbox 401 2454 493 2524; x_wconf 87' lang='grc' dir='ltr'><em>ἀὶτια</em></span> <span class='ocrx_word' id='word_1_171' title='bbox 515 2481 596 2545; x_wconf 84' lang='grc' dir='ltr'><em>εχει,</em></span> <span class='ocrx_word' id='word_1_172' title='bbox 630 2453 694 2576; x_wconf 75' lang='grc' dir='ltr'><em>χ’δη</em></span> <span class='ocrx_word' id='word_1_173' title='bbox 715 2461 772 2524; x_wconf 86' lang='grc' dir='ltr'><em>καὶ</em></span> <span class='ocrx_word' id='word_1_174' title='bbox 791 2451 922 2526; x_wconf 81' lang='grc' dir='ltr'><em>πάντων</em></span> <span class='ocrx_word' id='word_1_175' title='bbox 944 2461 1026 2529; x_wconf 78' lang='grc' dir='ltr'><em>ε’ῑυαί</em></span> <span class='ocrx_word' id='word_1_176' title='bbox 1046 2487 1139 2542; x_wconf 89' lang='grc' dir='ltr'><em>τινας</em></span> <span class='ocrx_word' id='word_1_177' title='bbox 1159 2460 1271 2544; x_wconf 80' lang='grc' dir='ltr'><em>ἀιτίας</em></span> 
     </span>
     <span class='ocr_line' id='line_1_21' title="bbox 259 2554 1272 2690; baseline 0.008 -63"><span class='ocrx_word' id='word_1_178' title='bbox 259 2556 402 2685; x_wconf 76' lang='grc' dir='ltr'><em>ἀράχκη</em></span> <span class='ocrx_word' id='word_1_179' title='bbox 439 2555 479 2627; x_wconf 82' lang='grc' dir='ltr'><em>οὗ</em></span> <span class='ocrx_word' id='word_1_180' title='bbox 507 2557 572 2680; x_wconf 83' lang='grc' dir='ltr'><em>χάρ</em></span> <span class='ocrx_word' id='word_1_181' title='bbox 601 2554 711 2626; x_wconf 78' lang='grc' dir='ltr'><em>πάντα</em></span> <span class='ocrx_word' id='word_1_182' title='bbox 738 2557 783 2625; x_wconf 83' lang='grc' dir='ltr'><em>τοί</em></span> <span class='ocrx_word' id='word_1_183' title='bbox 803 2557 886 2628; x_wconf 80' lang='grc' dir='ltr'><em>ὄντα</em></span> <span class='ocrx_word' id='word_1_184' title='bbox 906 2563 1046 2690; x_wconf 80' lang='grc' dir='ltr'><em>χίνεται.</em></span> <span class='ocrx_word' id='word_1_185' title='bbox 1084 2559 1177 2689; x_wconf 83' lang='grc' dir='ltr'><em>Πῶς</em></span> <span class='ocrx_word' id='word_1_186' title='bbox 1204 2567 1272 2660; x_wconf 83' lang='grc' dir='ltr'><em>χάρ</em></span> 
     </span>
     <span class='ocr_line' id='line_1_22' title="bbox 260 2659 1274 2755; baseline 0.008 -23"><span class='ocrx_word' id='word_1_187' title='bbox 260 2661 321 2732; x_wconf 82' lang='grc' dir='ltr'><em>οὐκ</em></span> <span class='ocrx_word' id='word_1_188' title='bbox 342 2661 469 2731; x_wconf 86' lang='grc' dir='ltr'><em>ἀτοπον</em></span> <span class='ocrx_word' id='word_1_189' title='bbox 489 2659 528 2729; x_wconf 88' lang='grc' dir='ltr'><em>τὸ</em></span> <span class='ocrx_word' id='word_1_190' title='bbox 550 2663 692 2748; x_wconf 71' lang='grc' dir='ltr'><em>λέγειν</em></span> <span class='ocrx_word' id='word_1_191' title='bbox 676 2687 714 2728; x_wconf 84' lang='grc' dir='ltr'><em>επ</em></span> <span class='ocrx_word' id='word_1_192' title='bbox 745 2659 883 2755; x_wconf 88' lang='grc' dir='ltr'><em>ἀπειρον</em></span> <span class='ocrx_word' id='word_1_193' title='bbox 905 2669 988 2736; x_wconf 81' lang='grc' dir='ltr'><em>ἐῑναι</em></span> <span class='ocrx_word' id='word_1_194' title='bbox 1009 2663 1052 2735; x_wconf 85' lang='grc' dir='ltr'><em>τά</em></span> <span class='ocrx_word' id='word_1_195' title='bbox 1074 2665 1181 2754; x_wconf 86' lang='grc' dir='ltr'><em>ἀιτια,</em></span> <span class='ocrx_word' id='word_1_196' title='bbox 1214 2679 1274 2740; x_wconf 80' lang='grc' dir='ltr'><em>καὶ</em></span> 
     </span>
     <span class='ocr_line' id='line_1_23' title="bbox 259 2760 1273 2900; baseline 0.006 -63"><span class='ocrx_word' id='word_1_197' title='bbox 259 2767 318 2838; x_wconf 86' lang='grc' dir='ltr'><em>τὸν</em></span> <span class='ocrx_word' id='word_1_198' title='bbox 339 2761 453 2859; x_wconf 81' lang='grc' dir='ltr'><em>ἑιρμὸν</em></span> <span class='ocrx_word' id='word_1_199' title='bbox 474 2760 582 2831; x_wconf 78' lang='grc' dir='ltr'><em>ἀυτῶν</em></span> <span class='ocrx_word' id='word_1_200' title='bbox 603 2770 659 2830; x_wconf 86' lang='grc' dir='ltr'><em>και</em></span> <span class='ocrx_word' id='word_1_201' title='bbox 680 2761 740 2846; x_wconf 81' lang='grc' dir='ltr'><em>τὴν</em></span> <span class='ocrx_word' id='word_1_202' title='bbox 761 2764 984 2852; x_wconf 79' lang='grc' dir='ltr'><em>ἐπισύνδεσιν,</em></span> <span class='ocrx_word' id='word_1_203' title='bbox 1015 2763 1060 2852; x_wconf 79' lang='grc' dir='ltr'><em>’τίς</em></span> <span class='ocrx_word' id='word_1_204' title='bbox 1079 2769 1162 2861; x_wconf 84' lang='grc' dir='ltr'><em>μήτε</em></span> <span class='ocrx_word' id='word_1_205' title='bbox 1182 2778 1273 2900; x_wconf 81' lang='grc' dir='ltr'><em>πρῶ-</em></span> 
     </span>
     <span class='ocr_line' id='line_1_24' title="bbox 262 2862 1273 3000; baseline 0.008 -60"><span class='ocrx_word' id='word_1_206' title='bbox 262 2867 321 2940; x_wconf 87' lang='grc' dir='ltr'><em>τόν</em></span> <span class='ocrx_word' id='word_1_207' title='bbox 342 2896 376 2938; x_wconf 88' lang='grc' dir='ltr'><em>τι</em></span> <span class='ocrx_word' id='word_1_208' title='bbox 396 2872 481 2937; x_wconf 81' lang='grc' dir='ltr'><em>ε’ῑναι</em></span> <span class='ocrx_word' id='word_1_209' title='bbox 502 2862 534 2916; x_wconf 71' lang='lat'><em>¹4</em></span> <span class='ocrx_word' id='word_1_210' title='bbox 542 2869 574 2951; x_wconf 88' lang='lat' dir='ltr'><em>a)</em></span> <span class='ocrx_word' id='word_1_211' title='bbox 595 2863 676 2955; x_wconf 73' lang='grc' dir='ltr'><em>μήτε</em></span> <span class='ocrx_word' id='word_1_212' title='bbox 705 2867 861 2956; x_wconf 82' lang='grc' dir='ltr'><em>ἔσχατον,</em></span> <span class='ocrx_word' id='word_1_213' title='bbox 898 2868 936 2938; x_wconf 87' lang='grc' dir='ltr'><em>τὸ</em></span> <span class='ocrx_word' id='word_1_214' title='bbox 964 2901 1028 3000; x_wconf 82' lang='grc' dir='ltr'><em>χμρ</em></span> <span class='ocrx_word' id='word_1_215' title='bbox 1056 2881 1202 2966; x_wconf 78' lang='grc' dir='ltr'><em>μηδέν’</em></span> <span class='ocrx_word' id='word_1_216' title='bbox 1186 2885 1273 2948; x_wconf 79' lang='grc' dir='ltr'><em>εἶναι</em></span> 
     </span>
     <span class='ocr_line' id='line_1_25' title="bbox 196 2967 1274 3093; baseline 0.015 -58"><span class='ocrx_word' id='word_1_217' title='bbox 196 3005 198 3008; x_wconf 94' lang='grc'><strong><em>·</em></strong></span> <span class='ocrx_word' id='word_1_218' title='bbox 262 2977 393 3068; x_wconf 73' lang='grc' dir='ltr'><em>πρῶτον</em></span> <span class='ocrx_word' id='word_1_219' title='bbox 426 2967 523 3055; x_wconf 69' lang='grc' dir='ltr'><em>ι5)</em></span> <span class='ocrx_word' id='word_1_220' title='bbox 503 2973 611 3038; x_wconf 86' lang='grc' dir='ltr'><em>αι’τιον</em></span> <span class='ocrx_word' id='word_1_221' title='bbox 618 2974 766 3093; x_wconf 82' lang='grc' dir='ltr'><em>λέχειν,</em></span> <span class='ocrx_word' id='word_1_222' title='bbox 799 2967 947 3067; x_wconf 88' lang='grc' dir='ltr'><em>ἀναιρεῖν</em></span> <span class='ocrx_word' id='word_1_223' title='bbox 975 3002 1045 3046; x_wconf 89' lang='grc' dir='ltr'><em>εστι</em></span> <span class='ocrx_word' id='word_1_224' title='bbox 1077 2979 1116 3046; x_wconf 87' lang='grc' dir='ltr'><em>τὸ</em></span> <span class='ocrx_word' id='word_1_225' title='bbox 1148 2977 1274 3065; x_wconf 91' lang='grc' dir='ltr'><em>ἀίτιον,</em></span> 
     </span>
     <span class='ocr_line' id='line_1_26' title="bbox 217 3070 1275 3174; baseline 0.009 -30"><span class='ocrx_word' id='word_1_226' title='bbox 217 3162 220 3174; x_wconf 22' lang='grc' dir='ltr'><em>χ</em></span> <span class='ocrx_word' id='word_1_227' title='bbox 261 3074 500 3170; x_wconf 82' lang='grc' dir='ltr'><em>ἀναιρουμένης</em></span> <span class='ocrx_word' id='word_1_228' title='bbox 520 3071 585 3167; x_wconf 83' lang='grc' dir='ltr'><em>χάρ</em></span> <span class='ocrx_word' id='word_1_229' title='bbox 608 3070 711 3166; x_wconf 80' lang='grc' dir='ltr'><em>ἀρχῆς</em></span> <span class='ocrx_word' id='word_1_230' title='bbox 732 3070 950 3165; x_wconf 71' lang='grc' dir='ltr'><em>ἀναιρεῖσθαι</em></span> <span class='ocrx_word' id='word_1_231' title='bbox 964 3086 1021 3148; x_wconf 86' lang='grc' dir='ltr'><em>καὶ</em></span> <span class='ocrx_word' id='word_1_232' title='bbox 1035 3079 1073 3150; x_wconf 87' lang='grc' dir='ltr'><em>τὸ</em></span> <span class='ocrx_word' id='word_1_233' title='bbox 1084 3110 1145 3172; x_wconf 82' lang='grc' dir='ltr'><em>μετ</em></span> <span class='ocrx_word' id='word_1_234' title='bbox 1168 3085 1275 3170; x_wconf 75' lang='grc' dir='ltr'><em>ἀυτὴν</em></span> 
     </span>
     <span class='ocr_line' id='line_1_27' title="bbox 262 3175 1275 3272; baseline 0.01 -24"><span class='ocrx_word' id='word_1_235' title='bbox 262 3177 399 3268; x_wconf 84' lang='grc' dir='ltr'><em>ἀνοίχκη.</em></span> <span class='ocrx_word' id='word_1_236' title='bbox 451 3175 643 3272; x_wconf 79' lang='grc' dir='ltr'><em>Ἀναιροῖτο</em></span> <span class='ocrx_word' id='word_1_237' title='bbox 678 3180 714 3243; x_wconf 80' lang='grc' dir='ltr'><em>δὲ</em></span> <span class='ocrx_word' id='word_1_238' title='bbox 749 3184 805 3246; x_wconf 86' lang='grc' dir='ltr'><em>καὶ</em></span> <span class='ocrx_word' id='word_1_239' title='bbox 839 3205 999 3271; x_wconf 84' lang='grc' dir='ltr'><em>επιοτημη</em></span> <span class='ocrx_word' id='word_1_240' title='bbox 1038 3184 1125 3254; x_wconf 81' lang='grc' dir='ltr'><em>κατὰ</em></span> <span class='ocrx_word' id='word_1_241' title='bbox 1154 3192 1275 3258; x_wconf 78' lang='grc' dir='ltr'><em>τυίτον</em></span> 
     </span>
     <span class='ocr_line' id='line_1_28' title="bbox 261 3265 1275 3412; baseline 0.007 -58"><span class='ocrx_word' id='word_1_242' title='bbox 261 3280 442 3371; x_wconf 74' lang='grc' dir='ltr'><em>τὸνλόγον</em></span> <span class='ocrx_word' id='word_1_243' title='bbox 462 3277 523 3365; x_wconf 81' lang='lat'>¹⁶),</span> <span class='ocrx_word' id='word_1_244' title='bbox 557 3283 620 3368; x_wconf 79' lang='grc' dir='ltr'><em>ε’ίχε</em></span> <span class='ocrx_word' id='word_1_245' title='bbox 648 3265 809 3369; x_wconf 79' lang='grc' dir='ltr'><em>ἐπιστήμη</em></span> <span class='ocrx_word' id='word_1_246' title='bbox 835 3287 894 3372; x_wconf 82' lang='grc' dir='ltr'><em>μέν</em></span> <span class='ocrx_word' id='word_1_247' title='bbox 921 3289 991 3355; x_wconf 81' lang='grc' dir='ltr'><em>ἐστι</em></span> <span class='ocrx_word' id='word_1_248' title='bbox 1018 3292 1137 3412; x_wconf 82' lang='grc' dir='ltr'><em>κυρίως</em></span> <span class='ocrx_word' id='word_1_249' title='bbox 1164 3289 1275 3374; x_wconf 81' lang='grc' dir='ltr'><em>ἡτῶν</em></span> 
     </span>
     <span class='ocr_line' id='line_1_29' title="bbox 262 3382 1275 3480; baseline 0.01 -25"><span class='ocrx_word' id='word_1_250' title='bbox 262 3382 399 3480; x_wconf 83' lang='grc' dir='ltr'><em>πρώτων</em></span> <span class='ocrx_word' id='word_1_251' title='bbox 431 3383 545 3454; x_wconf 90' lang='grc' dir='ltr'><em>ἀιτίων</em></span> <span class='ocrx_word' id='word_1_252' title='bbox 572 3408 701 3472; x_wconf 83' lang='grc' dir='ltr'><em>χνωσις.</em></span> <span class='ocrx_word' id='word_1_253' title='bbox 758 3382 825 3452; x_wconf 80' lang='grc' dir='ltr'><em>Οὐκ</em></span> <span class='ocrx_word' id='word_1_254' title='bbox 853 3386 980 3460; x_wconf 74' lang='grc' dir='ltr'><em>ἔστιδὲ</em></span> <span class='ocrx_word' id='word_1_255' title='bbox 966 3390 1071 3460; x_wconf 71' lang='grc' dir='ltr'><em>δ’κατ</em></span> <span class='ocrx_word' id='word_1_256' title='bbox 1095 3390 1218 3476; x_wconf 77' lang='grc' dir='ltr'><em>ἀυτοίις</em></span> <span class='ocrx_word' id='word_1_257' title='bbox 1240 3401 1275 3465; x_wconf 85' lang='grc' dir='ltr'><em>έν</em></span> 
     </span>
     <span class='ocr_line' id='line_1_30' title="bbox 262 3485 1275 3621; baseline 0.01 -64"><span class='ocrx_word' id='word_1_258' title='bbox 262 3496 334 3569; x_wconf 82' lang='grc' dir='ltr'><em>τοῖς</em></span> <span class='ocrx_word' id='word_1_259' title='bbox 360 3485 481 3569; x_wconf 84' lang='grc' dir='ltr'><em>ἀιτίοις</em></span> <span class='ocrx_word' id='word_1_260' title='bbox 509 3485 548 3557; x_wconf 88' lang='grc' dir='ltr'><em>τὸ</em></span> <span class='ocrx_word' id='word_1_261' title='bbox 566 3488 721 3612; x_wconf 48' lang='grc' dir='ltr'><em>προωθεῖ</em></span> <span class='ocrx_word' id='word_1_262' title='bbox 764 3485 802 3554; x_wconf 88' lang='lat'><em>03</em></span> <span class='ocrx_word' id='word_1_263' title='bbox 830 3490 925 3560; x_wconf 83' lang='grc' dir='ltr'><em>πάσοί</em></span> <span class='ocrx_word' id='word_1_264' title='bbox 956 3520 990 3562; x_wconf 89' lang='grc' dir='ltr'><em>τε</em></span> <span class='ocrx_word' id='word_1_265' title='bbox 1018 3495 1137 3580; x_wconf 80' lang='grc' dir='ltr'><em>τάξεως</em></span> <span class='ocrx_word' id='word_1_266' title='bbox 1162 3495 1275 3621; x_wconf 78' lang='grc' dir='ltr'><em>παρρί-</em></span> 
     </span>
     <span class='ocr_line' id='line_1_31' title="bbox 262 3586 1274 3723; baseline 0.012 -64"><span class='ocrx_word' id='word_1_267' title='bbox 262 3589 411 3717; x_wconf 77' lang='grc' dir='ltr'><em>βασις’</em></span> <span class='ocrx_word' id='word_1_268' title='bbox 392 3587 579 3685; x_wconf 78' lang='grc' dir='ltr'><em>ἀναιρετικὴ</em></span> <span class='ocrx_word' id='word_1_269' title='bbox 611 3592 675 3657; x_wconf 77' lang='grc' dir='ltr'><em>τῶν</em></span> <span class='ocrx_word' id='word_1_270' title='bbox 703 3591 737 3656; x_wconf 75' lang='grc' dir='ltr'><em>ἐν</em></span> <span class='ocrx_word' id='word_1_271' title='bbox 765 3586 816 3672; x_wconf 87' lang='grc' dir='ltr'><em>ὁῖς</em></span> <span class='ocrx_word' id='word_1_272' title='bbox 835 3597 979 3681; x_wconf 72' lang='grc' dir='ltr'><em>γίνεται</em></span> <span class='ocrx_word' id='word_1_273' title='bbox 1015 3602 1172 3687; x_wconf 74' lang='grc' dir='ltr'><em>γίνεσθαι</em></span> <span class='ocrx_word' id='word_1_274' title='bbox 1197 3602 1274 3723; x_wconf 82' lang='grc' dir='ltr'><em>χάρ</em></span> 
     </span>
     <span class='ocr_line' id='line_1_32' title="bbox 265 3691 1275 3787; baseline 0.009 -23"><span class='ocrx_word' id='word_1_275' title='bbox 265 3696 337 3764; x_wconf 74' lang='grc' dir='ltr'><em>ἔνια</em></span> <span class='ocrx_word' id='word_1_276' title='bbox 365 3701 421 3763; x_wconf 82' lang='grc' dir='ltr'><em>καὶ</em></span> <span class='ocrx_word' id='word_1_277' title='bbox 447 3693 541 3787; x_wconf 86' lang='grc' dir='ltr'><em>παρά</em></span> <span class='ocrx_word' id='word_1_278' title='bbox 568 3691 629 3776; x_wconf 84' lang='grc' dir='ltr'><em>τὴν</em></span> <span class='ocrx_word' id='word_1_279' title='bbox 655 3693 716 3759; x_wconf 76' lang='grc' dir='ltr'><em>τοῦ</em></span> <span class='ocrx_word' id='word_1_280' title='bbox 742 3697 906 3782; x_wconf 84' lang='grc' dir='ltr'><em>βασιλέως</em></span> <span class='ocrx_word' id='word_1_281' title='bbox 935 3698 1028 3785; x_wconf 82' lang='grc' dir='ltr'><em>τάξιν</em></span> <span class='ocrx_word' id='word_1_282' title='bbox 1060 3701 1119 3772; x_wconf 78' lang='grc' dir='ltr'><em>οὐκ</em></span> <span class='ocrx_word' id='word_1_283' title='bbox 1151 3700 1275 3776; x_wconf 77' lang='grc' dir='ltr'><em>ἀδυνα-</em></span> 
     </span>
     <span class='ocr_line' id='line_1_33' title="bbox 267 3792 1275 3930; baseline 0.009 -64"><span class='ocrx_word' id='word_1_284' title='bbox 267 3823 342 3881; x_wconf 87' lang='grc' dir='ltr'><em>τον,</em></span> <span class='ocrx_word' id='word_1_285' title='bbox 379 3793 403 3865; x_wconf 89' lang='lat'><em>3</em></span> <span class='ocrx_word' id='word_1_286' title='bbox 425 3794 463 3867; x_wconf 84' lang='grc' dir='ltr'><em>οὐ</em></span> <span class='ocrx_word' id='word_1_287' title='bbox 490 3792 620 3875; x_wconf 81' lang='grc' dir='ltr'><em>πάντως</em></span> <span class='ocrx_word' id='word_1_288' title='bbox 646 3796 706 3878; x_wconf 78' lang='grc' dir='ltr'><em>τῆς</em></span> <span class='ocrx_word' id='word_1_289' title='bbox 731 3797 902 3888; x_wconf 84' lang='grc' dir='ltr'><em>βασιλείας</em></span> <span class='ocrx_word' id='word_1_290' title='bbox 924 3799 986 3887; x_wconf 71' lang='grc' dir='ltr'><em>ιρὸη</em></span> <span class='ocrx_word' id='word_1_291' title='bbox 1006 3806 1131 3925; x_wconf 77' lang='grc' dir='ltr'><em>χίνεται</em></span> <span class='ocrx_word' id='word_1_292' title='bbox 1151 3811 1275 3930; x_wconf 61' lang='grc' dir='ltr'><em>(χθωρ-</em></span> 
     </span>
     <span class='ocr_line' id='line_1_34' title="bbox 264 3897 1274 4031; baseline 0.008 -62"><span class='ocrx_word' id='word_1_293' title='bbox 264 3900 342 3969; x_wconf 89' lang='grc' dir='ltr'><em>τικά</em></span> <span class='ocrx_word' id='word_1_294' title='bbox 369 3901 430 3985; x_wconf 84' lang='lat'><strong>¹⁷),</strong></span> <span class='ocrx_word' id='word_1_295' title='bbox 477 3897 553 3972; x_wconf 72' lang='grc' dir='ltr'><em>οὐδὲ</em></span> <span class='ocrx_word' id='word_1_296' title='bbox 581 3900 608 3968; x_wconf 80' lang='grc' dir='ltr'><em>έί</em></span> <span class='ocrx_word' id='word_1_297' title='bbox 634 3924 668 3965; x_wconf 88' lang='grc' dir='ltr'><em>τι</em></span> <span class='ocrx_word' id='word_1_298' title='bbox 699 3901 824 3977; x_wconf 75' lang='grc' dir='ltr'><em>τούτων</em></span> <span class='ocrx_word' id='word_1_299' title='bbox 851 3915 885 3979; x_wconf 83' lang='grc' dir='ltr'><em>έν</em></span> <span class='ocrx_word' id='word_1_300' title='bbox 912 3908 960 4004; x_wconf 75' lang='grc' dir='ltr'><em>τῷ</em></span> <span class='ocrx_word' id='word_1_301' title='bbox 989 3903 1103 4002; x_wconf 85' lang='grc' dir='ltr'><em>κόσμω</em></span> <span class='ocrx_word' id='word_1_302' title='bbox 1130 3913 1274 4031; x_wconf 78' lang='grc' dir='ltr'><em>γίνεται</em></span> 
     </span>
     <span class='ocr_line' id='line_1_35' title="bbox 232 3982 1274 4102; baseline 0.01 -29.266"><span class='ocrx_word' id='word_1_303' title='bbox 232 4000 395 4084; x_wconf 77' lang='grc' dir='ltr'><em>τιάντως</em></span> <span class='ocrx_word' id='word_1_304' title='bbox 421 4001 486 4088; x_wconf 80' lang='grc' dir='ltr'><em>ἤδη</em></span> <span class='ocrx_word' id='word_1_305' title='bbox 514 4007 612 4075; x_wconf 82' lang='grc' dir='ltr'><em>τοῦτο</em></span> <span class='ocrx_word' id='word_1_306' title='bbox 642 4002 767 4085; x_wconf 81' lang='grc' dir='ltr'><em>λύει</em></span> <span class='ocrx_word' id='word_1_307' title='bbox 732 4042 792 4100; x_wconf 81' lang='grc' dir='ltr'><em>την</em></span> <span class='ocrx_word' id='word_1_308' title='bbox 813 3982 1026 4101; x_wconf 80' lang='grc' dir='ltr'><em>έυδαιμίνίαν</em></span> <span class='ocrx_word' id='word_1_309' title='bbox 1046 4015 1106 4081; x_wconf 84' lang='grc' dir='ltr'><em>τοῦ</em></span> <span class='ocrx_word' id='word_1_310' title='bbox 1127 4008 1254 4102; x_wconf 88' lang='grc' dir='ltr'><em>κόσμου</em></span> <span class='ocrx_word' id='word_1_311' title='bbox 1265 4059 1274 4090; x_wconf 90' lang='grc'><strong><em>,</em></strong></span> 
     </span>
    </p>
   </div>
   <div class='ocr_carea' id='block_1_3' title="bbox 0 0 1414 4790">
    <p class='ocr_par' dir='ltr' id='par_1_3' title="bbox 0 0 1414 4790">
     <span class='ocr_line' id='line_1_36' title="bbox 0 0 1414 4790; baseline 0 0"><span class='ocrx_word' id='word_1_312' title='bbox 0 0 1414 4790; x_wconf 95' lang='lat' dir='ltr'><em> </em></span> 
     </span>
    </p>
   </div>
  </div>
 </body>
</html>
