2828 4792
275 429 316 492 68

275 596 423 689 νγασθαί
442 607 537 678 τινα,
572 591 632 663 οὐκ
657 589 825 676 ίόξασθαι
848 598 963 675 θεοῖς,
992 589 1032 662 οὔ
1050 587 1286 683 χάρινάυτοΐς

272 701 395 785 γνῶναι
409 701 481 791 περί
493 723 605 780 τινων,
627 693 697 766 οὐδ’
715 696 798 765 ἄλλο
815 723 848 764 τι
861 702 967 765 ποιεῖν
984 691 1093 764 όῐόντε
1113 696 1178 764 τῶν
1192 691 1286 788 ὄφει-

274 807 419 890 λομένων
451 798 592 890 εὐλόγως
625 803 784 889 γίνεσθαι
813 796 877 868 ὑπὸ
909 800 974 867 τῶν
1002 804 1059 866 καὶ
1088 799 1149 866 τοῦ
1178 804 1286 866 ποιεῖν

274 909 437 987 ἕκαστον,
488 896 533 973 ὧν
570 907 704 974 ποιοῦσι
739 901 800 986 τὴν
831 903 981 985 ἐξουσίαν
1017 896 1289 970 πεπιστευκότων.

271 1003 379 1076 ’Λλλά
395 1006 460 1097 μὴν
478 1008 536 1090 ἔξω
550 1003 675 1076 τοότων
692 1001 867 1095 άβίωτος’
849 1033 869 1073 ο
883 1006 948 1074 τῶν
958 999 1149 1097 ἀνθρώπων
1159 1005 1234 1092 βίος
1248 1007 1287 1086 ³),
1313 1026 1315 1029 ’

275 1117 332 1179 καὶ
353 1107 430 1180 οὐδὲ
449 1108 510 1228 τὴν
531 1108 635 1204 ἀρχὴν
655 1106 885 1202 ἆνθρόπιον”
866 1135 925 1179 εει.

737 1215 820 1282 ΚΑ

222 1321 226 1328 ’
281 1377 286 1388 .
338 1320 482 1401 Μηδὲ
465 1325 567 1387 εκεῖνο
594 1313 681 1385 δὲ’
660 1323 739 1405 ημῖν
769 1313 982 1398 ἀνεξέταστον
1007 1314 1289 1410 παραλελείφθω,

275 1422 304 1488 ίί
324 1447 375 1501 τις
392 1415 562 1489 ὑπόθοιτο
584 1423 611 1502 ¹)
629 1422 731 1509 μηδὲν
751 1420 879 1506 μᾶλλον
902 1415 1021 1502 άληθῆ
1041 1423 1125 1488 ἐῖναι
1145 1416 1185 1487 τὸ
1206 1420 1290 1487 ε’ῐναί

274 1549 309 1594 τι
326 1519 430 1602 όότως
448 1520 497 1617 ἐφ’
522 1519 616 1612 ἡμῖν,
645 1518 689 1602 ὡς
713 1516 806 1617 ἡμεῖς
828 1547 863 1589 τε
886 1517 1039 1611 ἀξιοῦμεν
1056 1521 1090 1604 ²)
1108 1527 1165 1590 καὶ
1183 1516 1205 1605 ἡ
1225 1523 1291 1590 τῶν

274 1622 478 1718 πραγμάτοιν
492 1622 594 1720 φάσις
608 1625 691 1714 ἔχειν
703 1629 866 1716 μαρτυρεῖ
870 1676 880 1707 ,
900 1626 962 1693 τοῦ
971 1619 1084 1694 πάντα
1097 1626 1131 1708 ἐξ
1144 1620 1290 1712 ἀνάγκης

275 1755 311 1796 τε
334 1730 495 1822 γίνεσθαι
525 1735 583 1797 καί
612 1723 695 1796 καθ’
728 1731 941 1815 ἑιμαρμὲνην,
976 1723 1046 1796 ἀλλ’
1073 1730 1157 1796 εἶναι
1178 1729 1291 1811 ἐπίσης

275 1828 429 1924 ἑκάτερον
456 1829 479 1914 ἢ
508 1829 627 1900 πιστόν
655 1828 678 1914 ἢ
706 1826 883 1914 άδηλον
863 1827 945 1898 αυτὸ
975 1833 1020 1914 ³),
1054 1835 1182 1924 ποτέρα
1212 1826 1290 1926 δόξη

277 1936 467 2003 πείθεσθαι
492 1940 564 2014 τοῖς
587 1931 784 2024 ἀνθρώποις
805 1928 1056 2028 ἀσφαλέστερόν
1071 1959 1107 2001 τε
1126 1939 1183 2001 καί
1199 1929 1290 2002 άκιν

276 2033 469 2160 δεινότερον,
496 2043 553 2105 καὶ
565 2043 663 2107 ποῖον
676 2033 839 2132 ψεῦδος“
819 2032 1049 2130 αιρετότερον,
1070 2033 1230 2158 πότερον,
1250 2021 1290 2104 τό

275 2137 408 2210 πάντων
426 2144 603 2228 γινομένων
624 2134 654 2224 ⁴)
681 2137 764 2208 καθ
793 2141 1007 2232 εἰμαρμένην,
1043 2137 1088 2208 τά
1113 2137 1161 2229 μὴ
1186 2135 1292 2219 όότως

276 2244 359 2332 ἔχειν
388 2245 418 2326 5)
438 2240 713 2367 ὑπολαμβάνειν,
755 2239 825 2311 ἀλλ’
862 2246 946 2311 ε’ῑναι
971 2248 1027 2311 καὶ
1053 2239 1142 2364 ἡμᾶς
1168 2245 1229 2312 τοῦ
1259 2249 1291 2310 τί

277 2343 445 2470 πράξαι’
422 2374 445 2428 η
468 2344 514 2435 μὴ
541 2348 664 2438 πρᾶξαι
687 2348 839 2467 κυρίους,
875 2342 896 2429 ἢ
925 2342 1020 2425 ὄντος
1042 2343 1133 2425 τινός
1157 2351 1214 2414 καὶ
1238 2342 1289 2438 ἐφ’

276 2445 372 2537 ἡμῖν,
406 2443 510 2530 όότως
534 2444 578 2530 ὡς
591 2446 861 2580 προειρήκαμεν,
892 2454 1077 2517 πεπεισθαι
1103 2445 1203 2516 τοῦτο
1230 2457 1292 2536 μὲν

278 2651 365 2722 κατά
378 2651 471 2737 τὴν]
451 2649 612 2746 ἡμετέραν
633 2656 784 2737 ἐξουσίαν
800 2656 960 2742 γίνεσθαι
972 2657 1002 2736 ⁵)
1023 2659 1293 2744 κατηναγκασμί·

278 2781 350 2836 νως.
388 2753 448 2826 θα
468 2753 633 2850 γνώριμον
654 2749 731 2841 ⁶)‘'
711 2783 765 2826 οτι
793 2760 828 2825 οἱ
851 2765 912 2847 μὲν
937 2753 1093 2826 ἁπάντων
1115 2763 1293 2882 γινομενων

278 2855 401 2928 καθ’
384 2864 583 2978 ειμαρμένην
605 2855 728 2941 ’άυτοός
744 2857 937 2943 πειθόντες,
969 2857 1012 2941 ός
1032 2857 1222 2943 ἐξουσίαν’
1201 2885 1292 2950 εχον-

232 2958 341 3041 ,τάς
353 2987 450 3031 τινων
462 2965 523 3031 τοῦ
544 2989 579 3031 τε
592 2959 749 3090 πράττειν
765 2961 854 3033 άυτόι
866 2969 921 3032 καὶ
937 2961 1000 3053 μὴ,
1023 2960 1161 3034 οὐδὲν’“
1137 2987 1180 3032 αν
1198 2961 1293 3057 παρά
1317 3047 1321 3056 ¹

278 3061 374 3149 τήνδε
394 3062 456 3148 τὴν
478 3067 588 3136 πίστιν
608 3069 642 3136 ἐν
663 3073 734 3148 τοῖς
754 3071 994 3160 πραττομένοις
1013 3063 1209 3159 άμάρτοιεν,
1244 3069 1293 3160 τῷ

278 3170 361 3257 μηδὲ
380 3165 440 3250 τὴν
466 3165 571 3292 άρχὴν
594 3171 658 3239 τῶν
677 3175 855 3260 γινομένων
882 3166 971 3250 τινός
994 3165 1049 3265 ὑφ’
1077 3166 1186 3239 άυτῶν
1206 3172 1291 3240 ε’ίναι

279 3266 390 3364 κύριοι
406 3269 455 3356 ⁷),·
476 3265 562 3339 ὥσθ’
588 3268 776 3352 όκίνδυνος
797 3273 896 3356 8)τῆς
910 3298 998 3341 κατα
1009 3298 1134 3342 τουτων
1147 3276 1291 3366 διαμαρ-

279 3373 354 3454 τίας
384 3370 514 3466 πρόεισι
542 3378 637 3468 μέχρι
668 3371 831 3468 ῥημάτων.
882 3372 934 3445 'Eo
959 3381 996 3446 δέ
1018 3391 1055 3464 ’γε
1082 3373 1177 3456 όντός
1200 3401 1291 3458 τινος

280 3482 337 3543 καὶ
355 3473 404 3570 ἐφ’
425 3471 520 3566 ημῖν,
539 3485 598 3546 καὶ
615 3476 662 3568 μὴ
680 3475 912 3550 ἁπάντωντῶν
931 3484 1106 3570 γινομένων
1132 3477 1208 3563 ἐξ
1187 3477 1291 3567 ανάγ-

280 3603 355 3661 κης,
376 3580 568 3656 πείθεσθαι
588 3581 694 3671 81))γι
695 3581 930 3672 ἒνμηδενὸς”
911 3608 1011 3664 οντας
1030 3584 1162 3676 κυρίους
1181 3587 1291 3652 πολλα

276 3683 538 3773 παραλείποιμεν
564 3685 628 3752 τῶν
659 3682 796 3766 δεόντως
820 3683 861 3755 ίίν
879 3691 1100 3779 πραχθέντων
1119 3682 1175 3780 ὑφ’
1198 3683 1291 3776 ἡμῶν

280 3789 337 3852 καὶ
361 3781 419 3852 διόι
445 3783 484 3852 τό
511 3783 767 3873 βουλεύσασθαι
787 3796 861 3883 περὶ
881 3787 1004 3873 άυτῶν,
1036 3795 1092 3858 καὶ
1106 3787 1175 3858 όιόι
1197 3788 1237 3859 τό
1259 3793 1290 3872 ⁹)

280 3885 359 3968 τοὺς
379 3890 431 3956 ἐπὶ
457 3897 526 3969 τοῖς
552 3897 791 3984 πραττομένοις
814 3889 985 3982 καμάτους
1004 3889 1191 3986 προθύμως
1211 3889 1290 3988 όφί-

281 3994 453 4076 στασθαι,
489 3989 663 4090 άργότεροι
686 3993 853 4084 γενόμενοι
877 3994 960 4088 πρὸς
985 3994 1025 4065 τό
1056 3993 1095 4066 δι’
1126 3992 1237 4066 άυτῶν
1257 4005 1289 4066 τί
