2758 4790
1053 392 1112 457 179

565 561 596 634 §.
627 555 660 627 Sa

177 656 225 720 At
246 677 325 722 vero
348 657 581 722 dissertationes
611 680 691 742 quae
719 679 759 723 eo
788 663 938 740 tendunt,
974 675 1008 726 ut
1037 685 1119 726 crin*

114 771 164 824 ota
205 762 384 843 probentur
425 761 604 824 necessario
640 761 711 826 ficri
751 785 790 826 an
821 764 886 828 hoc
921 765 1014 828 etiarn
1033 753 1114 830 'vo-

113 864 205 940 lunt,
239 864 303 928 hoc
325 884 453 947 quoque
475 863 653 927 hominibus
678 865 858 930 necessario
877 868 1041 945 accidere,
1066 880 1116 940 ,ut

113 966 217 1028 dicant
243 965 346 1034 omnia
371 966 548 1030 necessario
569 965 656 1042 fieri,
696 989 734 1030 an
760 969 893 1032 veroin
915 983 1032 1040 nostra,¹
1047 973 1115 1035 es'se

111 1079 271 1151 potestate
305 1069 425 1151 positas
460 1068 625 1151 opiniones
655 1071 692 1132 de
724 1073 820 1134 modo
846 1093 911 1154 quo
936 1094 987 1136 res
1009 1073 1116 1136 fiunt?

111 1173 196 1235 Nam
217 1172 245 1234 si
264 1171 423 1253 posterius
450 1193 560 1235 terrim
583 1183 649 1247 est,
673 1193 737 1235 non
755 1173 817 1235 iarn
839 1173 942 1237 omnia
962 1188 1052 1242 erunt
1074 1199 1115 1240 cx

111 1274 313 1350 necessitate3
347 1273 395 1336 sin
419 1273 507 1358 prius
533 1285 581 1337 cst
602 1296 735 1352 verum,
775 1279 937 1359 quomodo
964 1290 1036 1340 sunt
1062 1279 1116 1362 qui

111 1380 230 1442 docent
254 1376 465 1453 contrarium,
501 1377 598 1440 multa
620 1377 740 1441 scilicet
762 1363 829 1441 case
857 1378 889 1441 in
918 1392 1027 1442 nostra
1053 1385 1125 1462 po?

109 1479 248 1545 testate?
269 1481 352 1543 Nam
373 1491 408 1545 ut
429 1501 448 1542 a
468 1491 580 1554 natura
606 1493 727 1544 cunctat
742 1481 923 1546 necessario
949 1483 1112 1560 efficiente,

109 1583 192 1648 siem
203 1576 334 1649 'illorum
345 1583 409 1646 fert
419 1583 589 1660 sententia,
614 1605 672 1646 nos
685 1605 870 1648 moveamur
883 1595 1009 1666 praeter
1023 1598 1115 1650 natu·

109 1706 178 1750 ram
203 1687 245 1750 ad
265 1686 500 1750 condemnanda
520 1707 563 1750 ea
577 1707 658 1770 qnae
683 1709 702 1750 a
723 1699 837 1749 natura
862 1687 959 1765 fiunt,
982 1688 1115 1772 planca

108 1791 234 1854 ratione
252 1789 385 1852 alienum
407 1801 472 1865 est,
504 1802 535 1852 et
560 1791 679 1853 taleae
703 1790 730 1853 si
752 1789 820 1872 quis
841 1790 991 1853 medicam
1016 1805 1116 1855 artem

109 1897 228 1959 doeens
260 1893 324 1957 hoc
354 1892 426 1973 ipso
463 1892 639 1974 discipulos
664 1914 739 1956 suos
771 1892 803 1954 in
831 1891 865 1954 id
891 1892 1043 1974 instruat,
1081 1907 1117 1958 ut

109 1995 264 2080 principia
294 1995 410 2060 tollant
435 1994 500 2060 cius
522 1996 597 2061 artis
624 2016 718 2079 qinom
741 1995 861 2058 discere
884 1996 1027 2077 cupiunt.
1072 1999 1116 2061 Et

108 2112 214 2167 tamen
246 2097 318 2162 fieri
352 2110 461 2182 potest
492 2098 644 2167 artificem
679 2099 832 2181 quaedam
867 2099 972 2161 faeere
1004 2111 1116 2164 contra

109 2215 229 2279 artem,
259 2223 327 2266 non
350 2223 411 2286 qua
436 2201 506 2267 talis
527 2213 592 2280 est,
624 2213 700 2284 puta
722 2201 875 2264 medicum
898 2203 1116 2289 dareyaborti·

110 2329 186 2376 vum
209 2317 459 2383 aut-venenum,
482 2305 554 2389 quia
577 2303 704 2368 scilicet
723 2303 857 2393 animum
880 2305 996 2368 habeat
1021 2305 1117 2390 quia

109 2431 181 2480 sese
207 2422 392 2487 moveatur,
427 2421 463 2480 ¹et
492 2430 543 2478 ars
571 2408 647 2470 nihil
681 2428 776 2490 saepe
807 2407 933 2471 confert
965 2411 1004 2472 ad
1041 2431 1116 2491 per·
1172 2387 1176 2410 ⁸

107 2515 236 2604 iectmn¹
254 2512 348 2579 animi
373 2524 505 2588 statum,
548 2513 637 2595 quod
669 2510 696 2574 is
730 2511 882 2574 maiorem
915 2513 1030 2574 habeat
1061 2535 1118 2578 on·

109 2639 178 2683 ram
214 2594 364 2698 corporis
391 2627 444 2678 aut
475 2637 582 2684 remim
611 2625 826 2680 externarum.
870 2614 916 2678 At
943 2627 978 2676 ut
1007 2626 1118 2683 natura

109 2743 176 2788 suo
195 2719 369 2804 proposito
395 2717 593 2784 contrarium
623 2715 739 2800 aliquid
770 2716 887 2793 iaciat,
922 2717 993 2780 fieri
1023 2719 1117 2800 piane
1176 2723 1180 2736 ¹

108 2847 175 2890 non
192 2834 313 2906 potest.
358 2823 434 2887 Non
457 2821 538 2886 onim
561 2819 641 2884 sicut
658 2818 692 2882 in
716 2820 899 2896 eventibus,
927 2821 970 2883 ita
992 2821 1025 2886 in
1047 2822 1117 2904 opi·

110 2927 258 2999 niouibus
288 2927 327 2988 ad
348 2925 496 2989 materiae
515 2921 738 2988 abundantiam
763 2934 816 2984 aut
836 2923 1000 3004 penuriam
1023 2945 1119 2990 causa
1179 2997 1185 3004 ,

109 3029 228 3096 referri
251 3041 372 3112 potest.
399 3031 538 3111 'Neque
566 3025 647 3090 enim
676 3023 797 3088 etiamsi
822 3025 962 3109 fingendi
981 3026 1041 3091 sihi
1063 3025 1127 3094 su·v

110 3147 197 3202 mant
222 3131 380 3196 licentiam
401 3131 494 3196 facile
515 3130 592 3214 ipsis
615 3127 676 3192 erit
698 3126 912 3192 dissidentium
933 3128 1118 3211 opinionum

110 3257 221 3306 causas
244 3257 285 3298 cx
306 3234 455 3298 materiae
485 3233 668 3298 diversitate
697 3251 881 3308 accersere,
917 3253 953 3294 ac
982 3230 1118 3313 proinde

110 3345 273 3408 adstruere
294 3347 359 3404 non
380 3347 532 3420 poterunt
547 3338 661 3402 Fatum
683 3355 809 3403 causam
831 3355 902 3400 esse
922 3355 1028 3403 terum
1048 3355 1118 3406 ont·

109 3444 208 3514 nium.
253 3443 317 3508 Sed
339 3439 446 3508 dehis
468 3437 556 3505 satis.
1205 3434 1207 3443 '
