2758 4790
242 373 302 436 182

239 534 329 632 ἀυτῷ
349 563 386 625 γι
408 535 513 628 τοάτῳ
540 519 700 622 faigm*
677 557 719 602 αν
740 557 792 612 τις
816 531 884 621 έχοι
904 527 1009 614 ἀυτὴν
1029 521 1173 616 ἀνάγκη,
1208 524 1246 596 τό

126 639 137 664 “
238 639 284 730 μὴ
306 637 410 722 ἀυτῆς
441 641 541 718 έίναι,
575 639 747 730 φέρεσθαι
781 638 817 704 δὲ
847 630 907 714 τάς
934 628 1093 712 τοιαύτας
1120 627 1248 726 φοράς,

239 737 446 830 ἀβουλήτους
467 765 501 808 τι
522 743 579 806 καὶ
600 734 769 817 ἀναιτίους
792 733 905 815 ἀόσας.
949 731 1004 804 H
1020 732 1085 827 γάρ
1107 732 1145 802 τὸ
1166 736 1250 820 βου·

238 841 354 928 λητὸν,
383 844 482 912 τοῦτο
505 845 540 910 δὲ
561 838 583 924 ἢ
606 840 663 923 ἔξω
685 837 706 923 ἢ
728 843 820 922 έίσιι,
852 835 933 922 ἢτὸ
955 833 1198 926 ἐπιθυμητικὸν
1220 838 1248 916 ³)

238 949 401 1030 ἐκίνησεν,
432 942 454 1028 ἢ
482 947 510 1014 έι
530 947 633 1036 μηδὲν
655 940 788 1035 ὀρεκτὸν
809 944 966 1030 ἐκίνησεν,
1002 935 1071 1010 οὐδ’
1101 937 1142 1008 ἀν
1164 931 1249 1018 ὅλως

238 1045 390 1132 ἐκινήθη.
431 1051 637 1136 Γιγνομένων
658 1049 693 1114 δὲ
714 1041 845 1114 πάντων
867 1041 935 1114 κατ’
960 1041 1087 1125 ἀιτίας,
1108 1037 1168 1124 τάς
1188 1048 1249 1130 μὲν

239 1157 403 1240 προςεχεῖς
422 1147 548 1243 έιιάστῳ
563 1144 680 1242 ράδιον
695 1149 809 1238 λαβεῖν
823 1155 878 1217 καὶ
887 1151 939 1230 έις
953 1143 1078 1228 ταύτας
1093 1143 1245 1234 ἀνάγειν·

239 1249 311 1322 ὁῑον
332 1256 392 1322 τοῦ
413 1255 553 1341 βαδίσαι
574 1255 621 1332 έις
641 1247 789 1344 ἀγοράν,
824 1248 862 1320 τὸ
885 1248 1047 1334 οἰηθῆναι
1077 1253 1144 1319 δεῖν
1171 1273 1248 1317 τινα

239 1353 319 1425 ἰδεῖν
347 1354 368 1440 ἢ
391 1359 488 1446 χρέος
515 1352 714 1441 ἀπολαβεῖν,
749 1360 806 1422 καὶ
837 1345 921 1434 όλιις
945 1357 1006 1432 τοῦ
1026 1350 1105 1422 τάδε
1126 1350 1148 1436 ἢ
1169 1348 1248 1422 τάδε

239 1461 381 1527 ἑλέσθαι
402 1465 459 1526 καὶ
480 1453 646 1550 ὁρμῆσαι·
682 1457 793 1526 ἔπειτα
822 1461 857 1526 δὲ
886 1455 924 1525 τὸ
951 1459 1098 1552 φανῆναι
1119 1451 1249 1550 ἑκάστῳ

222 1559 317 1652 Ιτάδε
331 1567 445 1631 ποιεῖν.
487 1564 560 1628 Καὶ
580 1556 624 1628 τά
643 1589 668 1649 μ
669 1567 703 1628 ν
725 1562 777 1629 ἐπὶ
797 1559 858 1640 τάς
878 1564 994 1650 τέχνας
1014 1556 1166 1649 ἀνάγειν,
1185 1557 1250 1630 τοῦ

237 1659 376 1751 άγιάσαι
397 1658 417 1748 ἡ
442 1659 573 1755 ἰατρικὴ
595 1659 691 1732 καὶὸ
722 1660 854 1757 ἰατρὸς,
890 1670 963 1732 καὶ
975 1667 1035 1732 τοῦ
1061 1665 1250 1746 πλουτῆσαι

237 1761 418 1857 θησαυρός
433 1765 636 1858 έυρεθεὶς,
621 1794 641 1849 η
637 1762 759 1846 δόσις
779 1762 873 1859 παρά
894 1793 971 1850 του,
998 1765 1019 1852 ίη
1013 1763 1076 1834 ἐκ
1096 1761 1250 1849 πόνωνῆ

165 1873 167 1882 ’
238 1871 350 1957 τέχνης
368 1870 666 1961 χρηματίσασθαι,
696 1876 752 1938 καὶ
775 1872 834 1937 τοῦ
855 1874 968 1939 τέκνου
990 1865 1009 1938 ὁ
1031 1867 1157 1958 πατὴρ,
1189 1874 1247 1944 καί

238 1972 297 2040 ι’ίτι
318 1967 476 2064 σίνεργον
489 1974 536 2052 έις
549 1975 766 2041 παιδοποιίαν
780 1970 865 2042 ἀλλο
879 1971 964 2066 πρὸς
977 1971 1083 2044 ἀλλον
1105 1969 1136 2056 4)
1157 1961 1249 2058 ἧκον,

239 2069 311 2142 ὁῐον
332 2075 423 2144 σιτία
444 2071 573 2156 τοιάδε,
601 2071 622 2159 ἢ
642 2083 698 2144 καὶ
720 2073 819 2170 ὀλίγῳ
840 2072 1034 2170 προσότερα
1054 2075 1249 2168 ιὐροῦσαέ)

239 2177 285 2255 ἒις
305 2181 522 2260 παιδοποιίας
535 2174 557 2263 ἡ
571 2177 653 2266 γυνὴ
662 2231 671 2264 ,
693 2175 874 2264 ἐπιτήδειος
894 2183 940 2262 έις
960 2177 1079 2262 τόκους
1092 2186 1149 2250 καὶ
1163 2171 1250 2261 όλας

239 2280 284 2360 έις
305 2276 417 2376 φύσιν.

303 2801 413 2888 Μέχρι
443 2802 505 2888 μὲν
533 2790 592 2869 ἀῖιν
624 2699 764 2870 tom?
772 2795 921 2869 ἐλθόντα
953 2794 1248 2885 ἀναπαύσασθαι,

240 2905 296 2968 καί
318 2897 403 2990 πρὸς
423 2898 462 2969 τὸ
488 2898 556 2970 ἀνω
577 2900 622 2987 μὴ
647 2906 810 2987 ἐθελῆσαι
827 2908 960 2996 χωρεῖν,
980 2899 1142 2995 ραθόμον
1168 2907 1261 2986 ἴσως.

238 3007 294 3126 καί
323 3000 363 3070 στί
386 3001 630 3087 κατακούοντος
658 3009 723 3076 τάν
747 3010 798 3075 ἐπὶ
818 3003 862 3073 τά
883 3008 1018 3190 πρῶτα,
1053 3013 1108 3076 καὶ
1129 3009 1181 3076 ἐπὶ
1204 3006 1248 3076 τά

235 3409 257 3478 ὁ
264 3415 371 3542 μέν’
355 3411 525 3500 ινόσησεν,
557 3413 635 3487 ὁδὲ
658 3417 718 3501 σι’ί,
739 3425 794 3488 και
819 3416 978 3499 πλούσιος
1000 3415 1071 3490 ὁδέ
1091 3426 1189 3506 πένης
1209 3425 1245 3492 ἐκ

235 3517 299 3584 τῶν
324 3518 449 3648 ε’ρχιίγς
489 3523 561 3588 Καὶ
590 3516 710 3614 τρόποι
742 3519 782 3604 δὴ
810 3528 866 3591 καί
897 3521 972 3608 ἤθη
1004 3520 1154 3646 διάφορα
1187 3535 1245 3595 καλ

233 3613 346 3746 τάχαι
360 3623 412 3689 ἐπὶ
437 3619 482 3690 τά
502 3619 614 3716 πόρῤω
636 3620 828 3708 ἀξιοῦσιν’
812 3631 896 3696 ιέναι
918 3631 954 3708 ¹.)
996 3625 1106 3696 Koel‘
1091 3626 1177 3698 οότιι
1203 3628 1245 3713 δὴ

234 3715 285 3788 ἀεὶ
309 3718 369 3812 οάχ
387 3720 578 3812 ἱστάμενοι,
615 3731 648 3794 σί
666 3726 768 3815 μέν’
747 3727 851 3820 αρχάς
877 3729 1066 3818 σωματικάς
1085 3736 1243 3820 θέμενοι,

234 3820 306 3892 όιον
328 3822 496 3916 ἀτόμους,
524 3831 563 3923 τῇ
585 3826 709 3900 τούτων
730 3836 822 3926 φορᾷ
844 3841 898 3900 καὶ
919 3839 1059 3921 πληγαῖς
1080 3841 1137 3902 ιιοιι
1158 3860 1248 3924 συμ-

232 3931 371 4008 πλοκαῖς
399 3926 483 4021 πρὸς
515 3901 644 4016 ἄλληλα
678 3940 800 4006 ἕκαστα
833 3939 1018 4020 ποιοῦντες,
1056 3934 1119 4008 καί
1135 3934 1241 4018 ἀν’τως
