2828 4792
390 1453 969 1596 ruAurAr1o¹

538 1757 773 1782 ι-ιιὴι--ιι-ι

217 1951 351 2028 Offero
376 1953 454 2028 iam
480 1953 572 2049 tibi,
607 1956 730 2031 lector
754 1956 955 2050 benevole,
986 1981 1152 2050 novam,
1180 1962 1188 1969 “

139 2096 258 2169 quam
271 2071 313 2147 in
324 2073 564 2150 Praelatione
578 2075 626 2147 ad
640 2075 863 2149 Sallustium
874 2074 1153 2173 Philosophum

14 2287 15 2290 Ἴ
138 2191 413 2291 promiseram,
447 2192 540 2268 libri
558 2193 606 2268 de
629 2193 723 2266 Fato
737 2191 948 2268 Alexandri
964 2191 1155 2298 Aphrodi-

14 2339 15 2350 ¹
136 2309 272 2384 siensis
299 2311 531 2406 editionem,
559 2338 649 2386 cum
673 2312 863 2388 adiunctis
889 2311 1023 2386 similis
1049 2340 1157 2411 argu·

139 2431 264 2504 menti
282 2431 673 2508 commentationibus
689 2431 934 2507 brevioribus
953 2457 1043 2506 cum
1061 2432 1156 2512 eius·

13 2551 15 2580 ¹
139 2549 230 2625 dem
256 2547 486 2656 Alexandri,
513 2562 597 2625 tum
621 2549 823 2641 Ammonii
850 2550 1037 2626 Hermiae
1060 2549 1154 2645 filii,

140 2669 306 2765 Plotini,
331 2671 560 2746 Bardesanis
581 2682 620 2746 et
639 2669 796 2768 Georgii
819 2669 980 2745 Gemisti
1003 2671 1155 2746 Pletho-

138 2791 199 2864 nis
213 2817 224 2881 ;
266 2790 411 2889 inqua
441 2789 610 2866 editione
647 2789 741 2888 qu-id
764 2789 989 2890 praestitum
1015 2788 1151 2880 fuerit,

139 2911 273 3010 paucis
299 2907 442 3010 accipe.
478 2988 480 2992 ,

215 3031 318 3106 Ante
339 3029 470 3108 omnia
496 3029 595 3102 mihi
615 3041 693 3124 ,tam
716 3028 820 3103 felici
838 3053 918 3104 esse
936 3027 1152 3124 contigisse,

139 3160 187 3222 ut
210 3144 432 3250 complura,
466 3150 545 3223 imo
571 3160 720 3223 tantum
746 3173 828 3223 non
863 3147 994 3222 omnia
1025 3148 1075 3222 ad
1099 3172 1155 3224 re·

139 3271 378 3348 censendum
391 3268 602 3362 Alexandri
628 3257 775 3344 textum
800 3265 1011 3344 necessaria
1035 3266 1155 3340 subsi
1198 3267 1200 3272 ’
1247 3249 1250 3257 “

131 3387 204 3465 dia
234 3389 330 3464 mihi
365 3413 652 3490 compararem,
696 3399 752 3464 est
778 3411 856 3485 quo
887 3388 1010 3461 laetor
1039 3383 1156 3460 maxi-

13 3501 15 3556 l
138 3533 310 3609 mopere.
362 3512 407 3584 In
439 3508 580 3608 quibus
606 3507 821 3608 principem
855 3507 988 3580 locum
1020 3515 1154 3582 tenent
1214 3565 1216 3568 -

141 3625 307 3704 Codices
329 3629 408 3704 duo
430 3627 704 3728 Manuscripti,
730 3627 876 3727 primus
903 3623 1154 3700 Fabricianus

13 3777 14 3796 ³
138 3747 183 3822 in
214 3748 459 3827 Bibliotheca
484 3747 603 3848 Regia
630 3746 844 3823 Havniensi
865 3743 1154 3820 instructissima

139 3883 373 3962 asservatus,
424 3869 533 3944 cuius
575 3894 664 3942 curn
701 3856 872 3942 editione
914 3861 1156 3946 Londinensi

140 3989 391 4067 collationem
409 3988 689 4068 accuratissime
716 3987 855 4066 factam
877 3997 1154 4088 acceptante·
