2758 4790
293 1119 296 1127 ’
383 1179 482 1264 σοι
524 1171 664 1262 σοιν
697 1173 1145 1267 οΑΡιινΑΝον.

301 1397 521 1482 [Ex‘Eusebii
542 1395 729 1479 Praeparat.
753 1348 911 1480 Evangel.
941 1395 984 1459 L.
1009 1393 1073 1460 vl.
1099 1387 1142 1459 C.
1166 1394 1230 1476 X.]

327 1832 431 1906 Κατά
446 1829 548 1931 φύσιν
569 1829 588 1902 ὁ
607 1829 791 1930 ἄνθρωπος
813 1836 990 1922 γεννᾶται,
1011 1837 1196 1933 τρέφεται,
1216 1831 1272 1904 ἀκ-

265 1933 376 2028 μάζει,
412 1939 523 2030 γεννᾷ,
560 1939 685 2020 ἐσθίει,
720 1938 821 2020 πίνει,
853 1939 1030 2028 κοιμᾶται,
1060 1941 1169 2033 γηρᾷ,
1192 1935 1272 2008 ἀπο-

265 2039 424 2125 θνήσκει,
460 2047 516 2109 καί
547 2043 645 2108 τοῦτο
678 2037 802 2121 παντὸς
834 2035 1020 2134 ἀνθρώπου
1055 2049 1114 2112 καὶ
1151 2039 1274 2120 παντὸς

265 2143 390 2234 ἀλόγου
411 2140 505 2228 ζώου,
527 2150 581 2212 καί
608 2142 650 2211 τά
670 2151 731 2231 μὲν
752 2141 839 2212 ἀλλα
860 2146 928 2226 ζῶα
946 2141 1074 2238 ψυχικοί
1094 2143 1201 2228 ὄντα,
1222 2150 1276 2214 καί

265 2247 383 2328 διόλου
393 2246 478 2315 κατὰ
500 2245 689 2334 συμπλοκὴν
709 2251 920 2334 γεγενημένα,
942 2244 1055 2315 διόλου
1077 2246 1199 2338 σχεδὸν
1218 2273 1275 2314 κα·

266 2351 310 2420 τά
336 2346 438 2444 φύσιν
466 2354 612 2444 φέρεται.
668 2353 764 2418 Λέων
791 2356 1005 2443 σαρκοφαγεῖ
1031 2357 1088 2419 καὶ
1118 2348 1277 2446 ἀμύνεται

264 2455 293 2523 ἐί
312 2480 346 2522 τι
366 2451 532 2536 ἀδικηθῆ
555 2457 611 2520 καί
628 2449 686 2520 διὰ
701 2454 801 2522 τοῦτο
816 2449 935 2534 πάντες
950 2481 982 2521 οι
973 2457 1132 2534 ’λέοντες
1155 2480 1275 2547 σαρκο-

265 2560 413 2654 φαγοῦσι
438 2561 494 2624 καί
522 2551 724 2642 ἀμύνονται,
761 2562 817 2623 καὶ
850 2551 996 2643 ἀμνάὃες
1021 2561 1277 2680 χορτοτμαγοῦσι

263 2688 320 2730 και
338 2662 438 2752 κρεῶν
459 2655 518 2747 οὐχ
539 2651 720 2741 οίπτονται,
742 2665 798 2728 καί
820 2654 1035 2747 ἀδικούμεναι
1054 2658 1119 2729 οὐκ
1139 2658 1278 2750 ἀμύνου

264 2780 337 2831 ται·
369 2789 427 2828 και
451 2757 470 2830 ὁ
496 2758 598 2841 ἀστὸς
621 2759 745 2854 τρόπος
763 2757 872 2844 πάσης
896 2759 1054 2849 ἀμνάδος.
1105 2764 1279 2857 Σκορπίος

263 2869 324 2955 γῆν
352 2866 462 2933 ἐσθίει
486 2871 542 2932 καί
567 2863 644 2944 τοὺς
667 2862 713 2952 μὴ
745 2861 967 2948 ἀδικήσαντας
993 2863 1119 2950 ἀδικεῖ,
1157 2873 1278 2957 κέντρῳ

266 2965 389 3061 ιὀβόλῳ
405 2964 578 3051 πλήσσων·
602 2975 657 3036 καί
678 2963 699 3050 ἡ
724 2965 808 3052 ἀυτὴ
826 2970 926 3036 κακία
949 2965 1080 3038 πάντων
1104 2973 1280 3064 σκορπίων.

266 3069 412 3166 Μίρμηξ
431 3069 519 3140 κατὰ
539 3067 641 3166 φύσιν
666 3067 733 3140 ὀίὸε
758 3074 916 3159 χειμῶνος
940 3075 1132 3164 παρουσίαν
1158 3082 1219 3142 καί
1242 3069 1278 3142 δι’

268 3167 347 3258 ὅλης
368 3177 504 3267 θερείας
524 3172 657 3263 κοίμνοινΙ
680 3172 883 3244 ἀποτίθεται
904 3177 1010 3270 ἑαυτῷ
1034 3173 1172 3271 τροφάς
1183 3230 1193 3259 ,
1229 3183 1282 3244 καί

260 3275 386 3370 ,ὁμοίως
411 3273 530 3356 πάντες
550 3273 724 3406 μύρμηκες
749 3273 950 3370 ἐργάζονται.
1014 3283 1182 3350 Μέλισσα
1210 3283 1283 3371 μέλι

262 3407 395 3474 γεωργει
385 3383 462 3464 ¹),
495 3378 570 3464 ἐξ
553 3406 592 3472 ου
615 3387 670 3470 καί
693 3385 864 3502 τρέφεται,
893 3407 950 3450 και
976 3410 996 3466 η
1026 3379 1113 3464 ἀυτὴ
1140 3383 1283 3508 γεωργία

263 3480 388 3564 πάσαις
404 3485 586 3572 μελίσσαις.
628 3471 740 3554 Καὶ
720 3509 761 3567 ην
784 3482 892 3553 πολλὰ
914 3487 981 3570 ἐίὸιγ
1003 3485 1224 3557 ἐκθέσθαι“
1206 3491 1284 3578 ημῖν

263 3590 328 3658 τῶν
349 3585 503 3670 ζώειν,τ
490 3580 590 3656 ἀτινοι
609 3590 668 3670 τῆς
689 3585 818 3682 φύσεως
841 3584 887 3676 μὴ
914 3584 1125 3678 ὃυνάμενα’
1108 3594 1284 3676 εκστῆναι,

263 3687 366 3761 πολὺν
387 3689 596 3780 θαυμασμὸν
618 3700 797 3782 παρασχεῖν
820 3689 899 3778 ἡμῖν
917 3688 1095 3762 ἐδύναντο·
1122 3689 1198 3763 ἀλλ’
1227 3693 1286 3762 ἀυ-

264 3791 368 3888 τάρκη
398 3791 571 3882 ἡγησάμην
602 3797 637 3860 ἐκ
669 3797 731 3863 τῶν
762 3801 1007 3886 παρακειμένων
1028 3791 1284 3882 τῆνζάπόὸειξιν

268 3895 500 3983 ποιήσασθαι,
523 3889 575 3966 ὅτι
598 3894 640 3966 τὰ
662 3906 721 3985 μὲν
737 3896 824 3970 ἀλλα
842 3902 911 3984 ζῶα
925 3900 1012 3982 κατὰ
1027 3898 1086 3986 τίγν
1103 3900 1286 3984 κοινότητα
