<?xml version="1.0" encoding="UTF-8"?>
<!DOCTYPE html PUBLIC "-//W3C//DTD XHTML 1.0 Transitional//EN"
    "http://www.w3.org/TR/xhtml1/DTD/xhtml1-transitional.dtd">
<html xmlns="http://www.w3.org/1999/xhtml" xml:lang="en" lang="en">
 <head>
  <title>
</title>
<meta http-equiv="Content-Type" content="text/html;charset=utf-8" />
  <meta name='ocr-system' content='tesseract 3.04.00' />
  <meta name='ocr-capabilities' content='ocr_page ocr_carea ocr_par ocr_line ocrx_word'/>
</head>
<body>
  <div class='ocr_page' id='page_1' title='image "./alexandriaphrod01bardgoog_0314.png"; bbox 0 0 2804 4786; ppageno 0'>
   <div class='ocr_carea' id='block_1_1' title="bbox 1080 379 1140 445">
    <p class='ocr_par' dir='ltr' id='par_1_1' title="bbox 1080 379 1140 445">
     <span class='ocr_line' id='line_1_1' title="bbox 1080 379 1140 445; baseline 0.033 -2"><span class='ocrx_word' id='word_1_1' title='bbox 1080 379 1140 445; x_wconf 73' lang='lat'><strong>299</strong></span> 
     </span>
    </p>
   </div>
   <div class='ocr_carea' id='block_1_2' title="bbox 146 551 1145 757">
    <p class='ocr_par' dir='ltr' id='par_1_2' title="bbox 146 551 1145 757">
     <span class='ocr_line' id='line_1_2' title="bbox 146 551 1145 646; baseline -0.002 -18"><span class='ocrx_word' id='word_1_2' title='bbox 146 563 201 644; x_wconf 83' lang='lat' dir='ltr'><strong>to)</strong></span> <span class='ocrx_word' id='word_1_3' title='bbox 230 554 385 640; x_wconf 79' lang='grc' dir='ltr'><strong><em>ἀυτοίς</em></strong></span> <span class='ocrx_word' id='word_1_4' title='bbox 405 583 446 626; x_wconf 90' lang='grc' dir='ltr'><strong>τε</strong></span> <span class='ocrx_word' id='word_1_5' title='bbox 467 553 716 646; x_wconf 84' lang='grc' dir='ltr'><strong><em>ἀιρεῖοθαι]</em></strong></span> <span class='ocrx_word' id='word_1_6' title='bbox 756 553 833 618; x_wconf 85' lang='lat' dir='ltr'><strong>Ald.</strong></span> <span class='ocrx_word' id='word_1_7' title='bbox 858 555 889 617; x_wconf 82' lang='lat' dir='ltr'><strong>i.</strong></span> <span class='ocrx_word' id='word_1_8' title='bbox 912 551 1032 635; x_wconf 70' lang='lat' dir='ltr'><strong>descire</strong></span> <span class='ocrx_word' id='word_1_9' title='bbox 1054 560 1145 626; x_wconf 81' lang='grc' dir='ltr'><strong>ἐπαὶ-</strong></span> 
     </span>
     <span class='ocr_line' id='line_1_3' title="bbox 230 661 505 757; baseline -0.025 -24"><span class='ocrx_word' id='word_1_10' title='bbox 230 667 357 757; x_wconf 85' lang='grc' dir='ltr'><strong><em>ρεσθαι</em></strong></span> <span class='ocrx_word' id='word_1_11' title='bbox 379 661 505 728; x_wconf 80' lang='lat' dir='ltr'><strong>vitiose.</strong></span> 
     </span>
    </p>
   </div>
   <div class='ocr_carea' id='block_1_3' title="bbox 545 840 748 888">
    <p class='ocr_par' dir='ltr' id='par_1_3' title="bbox 545 840 748 888">
     <span class='ocr_line' id='line_1_4' title="bbox 545 840 748 888; baseline 0 -4"><span class='ocrx_word' id='word_1_12' title='bbox 545 843 633 888; x_wconf 67' lang='lat' dir='ltr'><strong>cert</strong></span> <span class='ocrx_word' id='word_1_13' title='bbox 663 840 748 886; x_wconf 82' lang='lat' dir='ltr'><strong>xxn.</strong></span> 
     </span>
    </p>
   </div>
   <div class='ocr_carea' id='block_1_4' title="bbox 148 979 1204 4038">
    <p class='ocr_par' dir='ltr' id='par_1_4' title="bbox 168 979 1147 1282">
     <span class='ocr_line' id='line_1_5' title="bbox 168 979 1144 1075; baseline -0.003 -25"><span class='ocrx_word' id='word_1_14' title='bbox 168 987 202 1067; x_wconf 73' lang='lat' dir='ltr'><strong>i)</strong></span> <span class='ocrx_word' id='word_1_15' title='bbox 230 981 580 1075; x_wconf 71' lang='grc' dir='ltr'><strong><em>παραθεμένους]</em></strong></span> <span class='ocrx_word' id='word_1_16' title='bbox 625 979 677 1044; x_wconf 89' lang='lat' dir='ltr'><strong>Sic</strong></span> <span class='ocrx_word' id='word_1_17' title='bbox 710 979 795 1046; x_wconf 90' lang='lat' dir='ltr'><strong>Cod.</strong></span> <span class='ocrx_word' id='word_1_18' title='bbox 829 983 937 1045; x_wconf 82' lang='lat' dir='ltr'><strong>Havn.</strong></span> <span class='ocrx_word' id='word_1_19' title='bbox 961 984 1144 1050; x_wconf 80' lang='lat' dir='ltr'><strong>rectissime.</strong></span> 
     </span>
     <span class='ocr_line' id='line_1_6' title="bbox 231 1081 1147 1174; baseline 0.002 -22"><span class='ocrx_word' id='word_1_20' title='bbox 231 1091 314 1154; x_wconf 89' lang='lat' dir='ltr'><strong>Nam</strong></span> <span class='ocrx_word' id='word_1_21' title='bbox 334 1087 416 1150; x_wconf 81' lang='lat' dir='ltr'><strong>infra</strong></span> <span class='ocrx_word' id='word_1_22' title='bbox 436 1087 591 1149; x_wconf 87' lang='lat' dir='ltr'><strong>habemus.</strong></span> <span class='ocrx_word' id='word_1_23' title='bbox 603 1087 716 1148; x_wconf 88' lang='lat' dir='ltr'><strong>eodem</strong></span> <span class='ocrx_word' id='word_1_24' title='bbox 732 1081 844 1166; x_wconf 82' lang='lat' dir='ltr'>Capite</span> <span class='ocrx_word' id='word_1_25' title='bbox 859 1088 1147 1174; x_wconf 76' lang='grc' dir='ltr'><strong><em>παρατιθεμένους</em></strong></span> 
     </span>
     <span class='ocr_line' id='line_1_7' title="bbox 211 1183 1086 1282; baseline -0.001 -27"><span class='ocrx_word' id='word_1_26' title='bbox 211 1187 271 1256; x_wconf 64' lang='grc' dir='ltr'><strong>τὸ</strong></span> <span class='ocrx_word' id='word_1_27' title='bbox 293 1183 445 1282; x_wconf 64' lang='grc' dir='ltr'><strong><em>βούλημα</em></strong></span> <span class='ocrx_word' id='word_1_28' title='bbox 467 1184 583 1254; x_wconf 80' lang='grc' dir='ltr'><strong><em>ἀντῶν.</em></strong></span> <span class='ocrx_word' id='word_1_29' title='bbox 625 1187 710 1250; x_wconf 88' lang='lat' dir='ltr'><strong>Edd.</strong></span> <span class='ocrx_word' id='word_1_30' title='bbox 733 1189 970 1276; x_wconf 73' lang='grc' dir='ltr'><strong><em>προθεμένους.</em></strong></span> <span class='ocrx_word' id='word_1_31' title='bbox 1013 1190 1086 1270; x_wconf 84' lang='grc'><strong>(0.)</strong></span> 
     </span>
    </p>

    <p class='ocr_par' dir='ltr' id='par_1_5' title="bbox 169 1287 969 1380">
     <span class='ocr_line' id='line_1_8' title="bbox 169 1287 969 1380; baseline -0.003 -22"><span class='ocrx_word' id='word_1_32' title='bbox 169 1295 205 1374; x_wconf 70' lang='grc'><strong>9)</strong></span> <span class='ocrx_word' id='word_1_33' title='bbox 233 1292 315 1380; x_wconf 82' lang='grc' dir='ltr'><strong><em>ἔχει</em></strong></span> <span class='ocrx_word' id='word_1_34' title='bbox 336 1290 452 1378; x_wconf 77' lang='grc' dir='ltr'><strong>Ιθίαν]</strong></span> <span class='ocrx_word' id='word_1_35' title='bbox 483 1291 535 1355; x_wconf 88' lang='lat' dir='ltr'><strong>Sic</strong></span> <span class='ocrx_word' id='word_1_36' title='bbox 556 1291 664 1357; x_wconf 84' lang='lat' dir='ltr'><strong>Havn.</strong></span> <span class='ocrx_word' id='word_1_37' title='bbox 688 1291 771 1352; x_wconf 91' lang='lat' dir='ltr'><strong>Edd.</strong></span> <span class='ocrx_word' id='word_1_38' title='bbox 795 1287 862 1378; x_wconf 83' lang='grc' dir='ltr'><strong><em>ἔχοι</em></strong></span> <span class='ocrx_word' id='word_1_39' title='bbox 882 1291 969 1376; x_wconf 80' lang='grc' dir='ltr'><strong><em>βίαν.</em></strong></span> 
     </span>
    </p>

    <p class='ocr_par' dir='ltr' id='par_1_6' title="bbox 168 1393 1146 1582">
     <span class='ocr_line' id='line_1_9' title="bbox 168 1393 1146 1481; baseline -0.002 -21"><span class='ocrx_word' id='word_1_40' title='bbox 168 1399 204 1478; x_wconf 87' lang='grc'><strong>3)</strong></span> <span class='ocrx_word' id='word_1_41' title='bbox 232 1394 561 1481; x_wconf 77' lang='grc' dir='ltr'><strong><em>συνδεδεμένων]</em></strong></span> <span class='ocrx_word' id='word_1_42' title='bbox 586 1393 638 1456; x_wconf 90' lang='lat' dir='ltr'><strong>Sic</strong></span> <span class='ocrx_word' id='word_1_43' title='bbox 652 1395 760 1457; x_wconf 85' lang='lat' dir='ltr'><strong>Havn.</strong></span> <span class='ocrx_word' id='word_1_44' title='bbox 776 1393 807 1456; x_wconf 88' lang='lat' dir='ltr'><strong>in</strong></span> <span class='ocrx_word' id='word_1_45' title='bbox 830 1415 932 1478; x_wconf 86' lang='lat' dir='ltr'><strong>marg.</strong></span> <span class='ocrx_word' id='word_1_46' title='bbox 956 1394 1051 1457; x_wconf 88' lang='lat' dir='ltr'><strong>Mon.</strong></span> <span class='ocrx_word' id='word_1_47' title='bbox 1069 1395 1146 1458; x_wconf 84' lang='lat' dir='ltr'><strong>Ald.</strong></span> 
     </span>
     <span class='ocr_line' id='line_1_10' title="bbox 234 1495 983 1582; baseline -0.003 -20"><span class='ocrx_word' id='word_1_48' title='bbox 234 1501 265 1563; x_wconf 77' lang='lat'><strong>2.</strong></span> <span class='ocrx_word' id='word_1_49' title='bbox 294 1497 400 1566; x_wconf 83' lang='lat' dir='ltr'><strong>Casei.</strong></span> <span class='ocrx_word' id='word_1_50' title='bbox 424 1510 455 1562; x_wconf 90' lang='lat' dir='ltr'><strong>et</strong></span> <span class='ocrx_word' id='word_1_51' title='bbox 476 1499 585 1562; x_wconf 91' lang='lat' dir='ltr'><strong>Lond.</strong></span> <span class='ocrx_word' id='word_1_52' title='bbox 608 1499 827 1582; x_wconf 80' lang='grc' dir='ltr'><strong><em>ουνδεομένων</em></strong></span> <span class='ocrx_word' id='word_1_53' title='bbox 848 1495 926 1558; x_wconf 90' lang='lat' dir='ltr'><strong>Ald.</strong></span> <span class='ocrx_word' id='word_1_54' title='bbox 951 1497 983 1560; x_wconf 83' lang='grc'><strong>1.</strong></span> 
     </span>
    </p>

    <p class='ocr_par' dir='ltr' id='par_1_7' title="bbox 170 1593 1151 1773">
     <span class='ocr_line' id='line_1_11' title="bbox 170 1593 1151 1684; baseline 0.003 -19"><span class='ocrx_word' id='word_1_55' title='bbox 170 1604 204 1684; x_wconf 75' lang='lat' dir='ltr'><strong>d)</strong></span> <span class='ocrx_word' id='word_1_56' title='bbox 233 1603 274 1684; x_wconf 80' lang='grc' dir='ltr'><strong>έξ</strong></span> <span class='ocrx_word' id='word_1_57' title='bbox 299 1598 433 1668; x_wconf 82' lang='grc' dir='ltr'><strong><em>ἀυτῶν</em></strong></span> <span class='ocrx_word' id='word_1_58' title='bbox 466 1599 800 1680; x_wconf 80' lang='grc' dir='ltr'><strong><em>ἐπακολουθεῖν]</em></strong></span> <span class='ocrx_word' id='word_1_59' title='bbox 837 1598 970 1662; x_wconf 82' lang='lat' dir='ltr'><strong>Aldinae</strong></span> <span class='ocrx_word' id='word_1_60' title='bbox 991 1599 1025 1682; x_wconf 81' lang='grc' dir='ltr'><strong>ἐξ</strong></span> <span class='ocrx_word' id='word_1_61' title='bbox 1044 1593 1151 1668; x_wconf 74' lang='grc' dir='ltr'><strong><em>ἀυτῶν</em></strong></span> 
     </span>
     <span class='ocr_line' id='line_1_12' title="bbox 234 1700 445 1773; baseline 0 -1"><span class='ocrx_word' id='word_1_62' title='bbox 234 1700 445 1773; x_wconf 80' lang='grc' dir='ltr'><strong><em>ἀκολουθεῖν.</em></strong></span> 
     </span>
    </p>

    <p class='ocr_par' dir='ltr' id='par_1_8' title="bbox 171 1801 1153 1995">
     <span class='ocr_line' id='line_1_13' title="bbox 171 1801 1152 1897; baseline -0.002 -23"><span class='ocrx_word' id='word_1_63' title='bbox 171 1811 206 1893; x_wconf 85' lang='grc'><strong>5)</strong></span> <span class='ocrx_word' id='word_1_64' title='bbox 229 1806 273 1876; x_wconf 87' lang='grc' dir='ltr'><strong>τὸ</strong></span> <span class='ocrx_word' id='word_1_65' title='bbox 295 1803 496 1884; x_wconf 80' lang='grc' dir='ltr'><strong><em>ἀναιτίως</em></strong></span> <span class='ocrx_word' id='word_1_66' title='bbox 517 1807 570 1897; x_wconf 77' lang='grc' dir='ltr'><strong>τῷ</strong></span> <span class='ocrx_word' id='word_1_67' title='bbox 590 1805 792 1891; x_wconf 74' lang='grc' dir='ltr'><strong><em>γίνεσθαί</em></strong></span> <span class='ocrx_word' id='word_1_68' title='bbox 812 1829 853 1870; x_wconf 84' lang='grc' dir='ltr'><strong>τι</strong></span> <span class='ocrx_word' id='word_1_69' title='bbox 874 1805 914 1870; x_wconf 84' lang='grc' dir='ltr'><strong>έκ</strong></span> <span class='ocrx_word' id='word_1_70' title='bbox 935 1801 986 1890; x_wconf 83' lang='grc' dir='ltr'><strong><em>μῆ</em></strong></span> <span class='ocrx_word' id='word_1_71' title='bbox 1010 1802 1152 1887; x_wconf 79' lang='grc' dir='ltr'><strong><em>ὄντος]</em></strong></span> 
     </span>
     <span class='ocr_line' id='line_1_14' title="bbox 235 1905 1153 1995; baseline 0.001 -20"><span class='ocrx_word' id='word_1_72' title='bbox 235 1914 344 1976; x_wconf 83' lang='lat' dir='ltr'><strong>Havn.</strong></span> <span class='ocrx_word' id='word_1_73' title='bbox 373 1907 412 1976; x_wconf 86' lang='grc' dir='ltr'><strong>τὸ</strong></span> <span class='ocrx_word' id='word_1_74' title='bbox 441 1905 597 1986; x_wconf 78' lang='grc' dir='ltr'><strong><em>ἀναιτίως</em></strong></span> <span class='ocrx_word' id='word_1_75' title='bbox 627 1907 784 1995; x_wconf 73' lang='grc' dir='ltr'><strong><em>γίνεσθαί</em></strong></span> <span class='ocrx_word' id='word_1_76' title='bbox 810 1931 851 1976; x_wconf 89' lang='grc' dir='ltr'><strong>τι.</strong></span> <span class='ocrx_word' id='word_1_77' title='bbox 895 1908 995 1971; x_wconf 87' lang='lat' dir='ltr'><strong>Male.</strong></span> <span class='ocrx_word' id='word_1_78' title='bbox 1038 1910 1093 1972; x_wconf 90' lang='lat' dir='ltr'><strong>Ad</strong></span> <span class='ocrx_word' id='word_1_79' title='bbox 1114 1907 1153 1976; x_wconf 84' lang='grc' dir='ltr'><strong>τὸ</strong></span> 
     </span>
    </p>

    <p class='ocr_par' dir='ltr' id='par_1_9' title="bbox 180 2011 1204 2422">
     <span class='ocr_line' id='line_1_15' title="bbox 180 2011 1204 2097; baseline -0.006 -16"><span class='ocrx_word' id='word_1_80' title='bbox 180 2047 181 2050; x_wconf 46' lang='grc'><strong>“</strong></span> <span class='ocrx_word' id='word_1_81' title='bbox 237 2011 392 2092; x_wconf 82' lang='grc' dir='ltr'><strong><em>ἀναιτίως</em></strong></span> <span class='ocrx_word' id='word_1_82' title='bbox 413 2013 482 2077; x_wconf 88' lang='lat' dir='ltr'><strong>scil.</strong></span> <span class='ocrx_word' id='word_1_83' title='bbox 506 2011 663 2097; x_wconf 74' lang='grc' dir='ltr'><strong><em>γίνεσθαί</em></strong></span> <span class='ocrx_word' id='word_1_84' title='bbox 684 2037 718 2078; x_wconf 85' lang='grc' dir='ltr'><strong>τι</strong></span> <span class='ocrx_word' id='word_1_85' title='bbox 738 2031 831 2074; x_wconf 86' lang='lat' dir='ltr'><strong>sensu</strong></span> <span class='ocrx_word' id='word_1_86' title='bbox 858 2011 1083 2092; x_wconf 76' lang='lat' dir='ltr'><strong>supplendum,</strong></span> <span class='ocrx_word' id='word_1_87' title='bbox 1119 2025 1154 2076; x_wconf 84' lang='lat' dir='ltr'><strong>ut</strong></span> <span class='ocrx_word' id='word_1_88' title='bbox 1201 2037 1204 2042; x_wconf 47' lang='lat'>¹</span> 
     </span>
     <span class='ocr_line' id='line_1_16' title="bbox 235 2108 1155 2210; baseline -0.002 -26"><span class='ocrx_word' id='word_1_89' title='bbox 235 2119 360 2202; x_wconf 82' lang='lat' dir='ltr'><strong>integra</strong></span> <span class='ocrx_word' id='word_1_90' title='bbox 388 2115 583 2179; x_wconf 81' lang='lat' dir='ltr'><strong>constructio</strong></span> <span class='ocrx_word' id='word_1_91' title='bbox 613 2114 653 2178; x_wconf 87' lang='lat' dir='ltr'><strong>sit</strong></span> <span class='ocrx_word' id='word_1_92' title='bbox 684 2108 861 2210; x_wconf 85' lang='grc' dir='ltr'><strong><em>ὁμοῑόντε</em></strong></span> <span class='ocrx_word' id='word_1_93' title='bbox 892 2115 975 2180; x_wconf 79' lang='grc' dir='ltr'><strong><em>έίναι</em></strong></span> <span class='ocrx_word' id='word_1_94' title='bbox 1003 2119 1089 2206; x_wconf 78' lang='grc' dir='ltr'><strong><em>φασὶ</em></strong></span> <span class='ocrx_word' id='word_1_95' title='bbox 1116 2114 1155 2182; x_wconf 86' lang='grc' dir='ltr'><strong>τὸ</strong></span> 
     </span>
     <span class='ocr_line' id='line_1_17' title="bbox 237 2212 1156 2309; baseline -0.003 -21"><span class='ocrx_word' id='word_1_96' title='bbox 237 2215 392 2296; x_wconf 86' lang='grc' dir='ltr'><strong><em>ἀναιτίως</em></strong></span> <span class='ocrx_word' id='word_1_97' title='bbox 417 2216 575 2304; x_wconf 76' lang='grc' dir='ltr'><strong><em>γίνεσθαί</em></strong></span> <span class='ocrx_word' id='word_1_98' title='bbox 602 2240 636 2284; x_wconf 83' lang='grc' dir='ltr'><strong>τι</strong></span> <span class='ocrx_word' id='word_1_99' title='bbox 664 2218 710 2309; x_wconf 78' lang='grc' dir='ltr'><strong>τῷ</strong></span> <span class='ocrx_word' id='word_1_100' title='bbox 734 2213 891 2302; x_wconf 77' lang='grc' dir='ltr'><strong><em>γίνεσθαί</em></strong></span> <span class='ocrx_word' id='word_1_101' title='bbox 918 2239 949 2282; x_wconf 86' lang='grc' dir='ltr'><strong>τι</strong></span> <span class='ocrx_word' id='word_1_102' title='bbox 978 2217 1013 2282; x_wconf 82' lang='grc' dir='ltr'><strong>ἐκ</strong></span> <span class='ocrx_word' id='word_1_103' title='bbox 1032 2212 1078 2304; x_wconf 85' lang='grc' dir='ltr'><strong><em>μῆ</em></strong></span> <span class='ocrx_word' id='word_1_104' title='bbox 1102 2215 1156 2285; x_wconf 80' lang='grc' dir='ltr'><strong>ὅν-</strong></span> 
     </span>
     <span class='ocr_line' id='line_1_18' title="bbox 229 2322 662 2422; baseline -0.012 -32"><span class='ocrx_word' id='word_1_105' title='bbox 229 2348 306 2422; x_wconf 32' lang='grc' dir='ltr'><strong><em>λτος.</em></strong></span> <span class='ocrx_word' id='word_1_106' title='bbox 349 2322 424 2404; x_wconf 88' lang='lat'><strong>(0.)</strong></span> <span class='ocrx_word' id='word_1_107' title='bbox 645 2353 662 2386; x_wconf 81' lang='grc' dir='ltr'><strong><em>ι</em></strong></span> 
     </span>
    </p>

    <p class='ocr_par' dir='ltr' id='par_1_10' title="bbox 175 2419 1201 3728">
     <span class='ocr_line' id='line_1_19' title="bbox 175 2419 1157 2514; baseline -0.002 -22"><span class='ocrx_word' id='word_1_108' title='bbox 175 2431 208 2510; x_wconf 84' lang='grc'><strong>6)</strong></span> <span class='ocrx_word' id='word_1_109' title='bbox 237 2427 395 2514; x_wconf 81' lang='grc' dir='ltr'><strong><em>σμῆνος</em></strong></span> <span class='ocrx_word' id='word_1_110' title='bbox 414 2419 491 2512; x_wconf 68' lang='lat' dir='ltr'><strong>r(oio</strong></span> <span class='ocrx_word' id='word_1_111' title='bbox 513 2419 664 2491; x_wconf 82' lang='grc' dir='ltr'><strong><em>ἀιτίων</em></strong></span> <span class='ocrx_word' id='word_1_112' title='bbox 684 2422 992 2508; x_wconf 80' lang='grc' dir='ltr'><strong><em>καταλέγουσι]</em></strong></span> <span class='ocrx_word' id='word_1_113' title='bbox 1009 2425 1157 2490; x_wconf 84' lang='lat' dir='ltr'><strong>Haecest</strong></span> 
     </span>
     <span class='ocr_line' id='line_1_20' title="bbox 236 2521 1151 2614; baseline 0.001 -20"><span class='ocrx_word' id='word_1_114' title='bbox 236 2529 388 2614; x_wconf 86' lang='lat' dir='ltr'><strong>palmaria</strong></span> <span class='ocrx_word' id='word_1_115' title='bbox 410 2526 585 2592; x_wconf 84' lang='lat' dir='ltr'><strong>emendatio</strong></span> <span class='ocrx_word' id='word_1_116' title='bbox 601 2524 719 2591; x_wconf 84' lang='lat' dir='ltr'><strong>Caselii</strong></span> <span class='ocrx_word' id='word_1_117' title='bbox 731 2525 874 2589; x_wconf 84' lang='lat' dir='ltr'><strong>lectionis</strong></span> <span class='ocrx_word' id='word_1_118' title='bbox 889 2525 921 2590; x_wconf 92' lang='lat' dir='ltr'><strong>in</strong></span> <span class='ocrx_word' id='word_1_119' title='bbox 937 2525 1023 2592; x_wconf 89' lang='lat' dir='ltr'><strong>Cod.</strong></span> <span class='ocrx_word' id='word_1_120' title='bbox 1043 2521 1151 2595; x_wconf 82' lang='lat' dir='ltr'><strong>Havn.</strong></span> 
     </span>
     <span class='ocr_line' id='line_1_21' title="bbox 238 2623 1157 2718; baseline 0 -20"><span class='ocrx_word' id='word_1_121' title='bbox 238 2645 270 2698; x_wconf 88' lang='lat' dir='ltr'><strong>et</strong></span> <span class='ocrx_word' id='word_1_122' title='bbox 284 2631 408 2698; x_wconf 87' lang='lat' dir='ltr'><strong>Aldinis</strong></span> <span class='ocrx_word' id='word_1_123' title='bbox 423 2629 692 2712; x_wconf 82' lang='lat' dir='ltr'><strong>corruptissimae,</strong></span> <span class='ocrx_word' id='word_1_124' title='bbox 718 2624 822 2716; x_wconf 82' lang='grc' dir='ltr'><strong><em>μηνὸς</em></strong></span> <span class='ocrx_word' id='word_1_125' title='bbox 841 2623 906 2718; x_wconf 76' lang='grc' dir='ltr'><strong>γὰρ</strong></span> <span class='ocrx_word' id='word_1_126' title='bbox 927 2624 1033 2697; x_wconf 86' lang='grc' dir='ltr'><strong><em>ἀὶτιον</em></strong></span> <span class='ocrx_word' id='word_1_127' title='bbox 1054 2652 1157 2698; x_wconf 83' lang='grc' dir='ltr'><strong><em>κατα·</em></strong></span> 
     </span>
     <span class='ocr_line' id='line_1_22' title="bbox 238 2731 1156 2822; baseline -0.004 -20"><span class='ocrx_word' id='word_1_128' title='bbox 238 2740 386 2822; x_wconf 77' lang='grc' dir='ltr'><strong><em>λέγουσι,</em></strong></span> <span class='ocrx_word' id='word_1_129' title='bbox 419 2755 512 2818; x_wconf 86' lang='lat' dir='ltr'><strong>quam</strong></span> <span class='ocrx_word' id='word_1_130' title='bbox 533 2733 708 2818; x_wconf 80' lang='lat' dir='ltr'><strong>Bagolinus</strong></span> <span class='ocrx_word' id='word_1_131' title='bbox 730 2731 761 2796; x_wconf 90' lang='lat' dir='ltr'><strong>in</strong></span> <span class='ocrx_word' id='word_1_132' title='bbox 784 2731 930 2796; x_wconf 85' lang='lat' dir='ltr'><strong>versione</strong></span> <span class='ocrx_word' id='word_1_133' title='bbox 951 2752 1006 2796; x_wconf 85' lang='lat' dir='ltr'><strong>sua</strong></span> <span class='ocrx_word' id='word_1_134' title='bbox 1027 2733 1156 2817; x_wconf 81' lang='lat' dir='ltr'><strong>ineptis-</strong></span> 
     </span>
     <span class='ocr_line' id='line_1_23' title="bbox 239 2835 1157 2917; baseline -0.001 -14"><span class='ocrx_word' id='word_1_135' title='bbox 239 2840 316 2903; x_wconf 80' lang='lat' dir='ltr'><strong>sime</strong></span> <span class='ocrx_word' id='word_1_136' title='bbox 337 2838 380 2902; x_wconf 87' lang='lat' dir='ltr'><strong>ita</strong></span> <span class='ocrx_word' id='word_1_137' title='bbox 401 2835 557 2901; x_wconf 82' lang='lat' dir='ltr'><strong>reddidit:</strong></span> <span class='ocrx_word' id='word_1_138' title='bbox 593 2837 666 2900; x_wconf 80' lang='lat' dir='ltr'><strong>irae</strong></span> <span class='ocrx_word' id='word_1_139' title='bbox 684 2855 767 2897; x_wconf 86' lang='lat' dir='ltr'><strong>nom</strong></span> <span class='ocrx_word' id='word_1_140' title='bbox 787 2851 913 2897; x_wconf 75' lang='lat' dir='ltr'><strong>conans</strong></span> <span class='ocrx_word' id='word_1_141' title='bbox 939 2851 1157 2917; x_wconf 81' lang='lat' dir='ltr'><strong>enumerant,</strong></span> 
     </span>
     <span class='ocr_line' id='line_1_24' title="bbox 242 2931 1157 3026; baseline -0.002 -22"><span class='ocrx_word' id='word_1_142' title='bbox 242 2940 397 3022; x_wconf 87' lang='lat' dir='ltr'><strong>accipiens</strong></span> <span class='ocrx_word' id='word_1_143' title='bbox 419 2931 522 3026; x_wconf 82' lang='grc' dir='ltr'><strong><em>μῆνὸς</em></strong></span> <span class='ocrx_word' id='word_1_144' title='bbox 542 2957 604 3020; x_wconf 89' lang='lat' dir='ltr'><strong>pro</strong></span> <span class='ocrx_word' id='word_1_145' title='bbox 622 2933 773 2999; x_wconf 87' lang='lat' dir='ltr'><strong>Genitivo</strong></span> <span class='ocrx_word' id='word_1_146' title='bbox 795 2954 829 2995; x_wconf 82' lang='lat' dir='ltr'><strong>v.</strong></span> <span class='ocrx_word' id='word_1_147' title='bbox 851 2935 957 3018; x_wconf 90' lang='grc' dir='ltr'><strong><em>μῆνις,</em></strong></span> <span class='ocrx_word' id='word_1_148' title='bbox 980 2935 1034 3020; x_wconf 88' lang='lat' dir='ltr'><strong>qui</strong></span> <span class='ocrx_word' id='word_1_149' title='bbox 1056 2950 1157 3002; x_wconf 87' lang='lat' dir='ltr'><strong>autem</strong></span> 
     </span>
     <span class='ocr_line' id='line_1_25' title="bbox 242 3033 1157 3126; baseline -0.002 -20"><span class='ocrx_word' id='word_1_150' title='bbox 242 3042 415 3106; x_wconf 85' lang='lat' dir='ltr'><strong>declinator</strong></span> <span class='ocrx_word' id='word_1_151' title='bbox 437 3035 553 3126; x_wconf 80' lang='grc' dir='ltr'><strong><em>μήνιος</em></strong></span> <span class='ocrx_word' id='word_1_152' title='bbox 574 3039 626 3102; x_wconf 84' lang='lat' dir='ltr'><strong>vel</strong></span> <span class='ocrx_word' id='word_1_153' title='bbox 648 3033 793 3126; x_wconf 77' lang='grc' dir='ltr'><strong><em>μήνιδος.</em></strong></span> <span class='ocrx_word' id='word_1_154' title='bbox 836 3035 952 3098; x_wconf 86' lang='lat' dir='ltr'><strong>Editor</strong></span> <span class='ocrx_word' id='word_1_155' title='bbox 972 3039 1157 3104; x_wconf 88' lang='lat' dir='ltr'><strong>Londinen-</strong></span> 
     </span>
     <span class='ocr_line' id='line_1_26' title="bbox 242 3133 1160 3230; baseline 0.002 -22"><span class='ocrx_word' id='word_1_156' title='bbox 242 3145 284 3208; x_wconf 85' lang='lat' dir='ltr'><strong>sis</strong></span> <span class='ocrx_word' id='word_1_157' title='bbox 300 3143 441 3209; x_wconf 87' lang='lat' dir='ltr'><strong>correxit</strong></span> <span class='ocrx_word' id='word_1_158' title='bbox 455 3145 555 3230; x_wconf 77' lang='grc' dir='ltr'><strong><em>μηδὲν</em></strong></span> <span class='ocrx_word' id='word_1_159' title='bbox 576 3133 725 3208; x_wconf 89' lang='grc' dir='ltr'><strong><em>ἀναίτιον</em></strong></span> <span class='ocrx_word' id='word_1_160' title='bbox 739 3139 977 3224; x_wconf 70' lang='grc' dir='ltr'><strong><em>καταλέγουσις</em></strong></span> <span class='ocrx_word' id='word_1_161' title='bbox 997 3147 1160 3224; x_wconf 92' lang='lat' dir='ltr'><strong>quomodo</strong></span> 
     </span>
     <span class='ocr_line' id='line_1_27' title="bbox 242 3242 1159 3331; baseline 0 -21"><span class='ocrx_word' id='word_1_162' title='bbox 242 3245 359 3331; x_wconf 84' lang='lat' dir='ltr'><strong>legisse</strong></span> <span class='ocrx_word' id='word_1_163' title='bbox 382 3245 507 3308; x_wconf 83' lang='lat' dir='ltr'><strong>videtur</strong></span> <span class='ocrx_word' id='word_1_164' title='bbox 529 3243 621 3308; x_wconf 85' lang='lat' dir='ltr'><strong>etiam</strong></span> <span class='ocrx_word' id='word_1_165' title='bbox 647 3242 779 3307; x_wconf 87' lang='lat' dir='ltr'><strong>Grotius</strong></span> <span class='ocrx_word' id='word_1_166' title='bbox 806 3251 932 3304; x_wconf 85' lang='lat' dir='ltr'><strong>vertens</strong></span> <span class='ocrx_word' id='word_1_167' title='bbox 947 3244 1159 3324; x_wconf 79' lang='lat' dir='ltr'><strong>explicantes</strong></span> 
     </span>
     <span class='ocr_line' id='line_1_28' title="bbox 245 3339 1160 3432; baseline 0 -19"><span class='ocrx_word' id='word_1_168' title='bbox 245 3347 356 3413; x_wconf 72' lang='lat' dir='ltr'><strong>iilud.-</strong></span> <span class='ocrx_word' id='word_1_169' title='bbox 382 3344 479 3410; x_wconf 71' lang='lat' dir='ltr'><em>Nihil</em></span> <span class='ocrx_word' id='word_1_170' title='bbox 496 3346 564 3408; x_wconf 80' lang='lat' dir='ltr'><strong>sine</strong></span> <span class='ocrx_word' id='word_1_171' title='bbox 586 3345 768 3432; x_wconf 67' lang='lat' dir='ltr'><strong>enutristi,</strong></span> <span class='ocrx_word' id='word_1_172' title='bbox 788 3355 819 3407; x_wconf 90' lang='lat' dir='ltr'><strong>et</strong></span> <span class='ocrx_word' id='word_1_173' title='bbox 841 3339 1088 3423; x_wconf 80' lang='lat' dir='ltr'><strong>Schulthessius‚</strong></span> <span class='ocrx_word' id='word_1_174' title='bbox 1112 3352 1160 3413; x_wconf 81' lang='lat' dir='ltr'><strong>sie</strong></span> 
     </span>
     <span class='ocr_line' id='line_1_29' title="bbox 248 3434 1201 3528; baseline -0.002 -16"><span class='ocrx_word' id='word_1_175' title='bbox 248 3434 400 3512; x_wconf 66' lang='lat' dir='ltr'><strong>emld&#39;ren</strong></span> <span class='ocrx_word' id='word_1_176' title='bbox 422 3443 474 3507; x_wconf 88' lang='lat' dir='ltr'><strong>die</strong></span> <span class='ocrx_word' id='word_1_177' title='bbox 496 3445 747 3508; x_wconf 80' lang='lat' dir='ltr'><strong>verschiedenen</strong></span> <span class='ocrx_word' id='word_1_178' title='bbox 774 3441 874 3510; x_wconf 71' lang='grc' dir='ltr'><strong><em>ἀνίετε</em></strong></span> <span class='ocrx_word' id='word_1_179' title='bbox 899 3445 957 3510; x_wconf 89' lang='lat' dir='ltr'><strong>der</strong></span> <span class='ocrx_word' id='word_1_180' title='bbox 976 3445 1160 3513; x_wconf 62' lang='lat' dir='ltr'><strong>[discedere.</strong></span> <span class='ocrx_word' id='word_1_181' title='bbox 1197 3524 1201 3528; x_wconf 17' lang='grc' dir='ltr'><strong><em>ι</em></strong></span> 
     </span>
     <span class='ocr_line' id='line_1_30' title="bbox 247 3534 1158 3630; baseline 0.005 -21"><span class='ocrx_word' id='word_1_182' title='bbox 247 3547 319 3630; x_wconf 45' lang='lat' dir='ltr'><strong>Sed¹</strong></span> <span class='ocrx_word' id='word_1_183' title='bbox 332 3547 522 3629; x_wconf 76' lang='grc' dir='ltr'><strong><em>καταλέγειν</em></strong></span> <span class='ocrx_word' id='word_1_184' title='bbox 543 3534 607 3605; x_wconf 87' lang='lat' dir='ltr'><strong>non</strong></span> <span class='ocrx_word' id='word_1_185' title='bbox 630 3555 677 3606; x_wconf 87' lang='lat' dir='ltr'><strong>est</strong></span> <span class='ocrx_word' id='word_1_186' title='bbox 691 3544 868 3623; x_wconf 82' lang='lat' dir='ltr'><strong>explicare</strong></span> <span class='ocrx_word' id='word_1_187' title='bbox 883 3547 938 3608; x_wconf 87' lang='lat' dir='ltr'><strong>sed</strong></span> <span class='ocrx_word' id='word_1_188' title='bbox 952 3565 1158 3624; x_wconf 79' lang='lat' dir='ltr'><strong>enumerare,</strong></span> 
     </span>
     <span class='ocr_line' id='line_1_31' title="bbox 245 3644 1160 3728; baseline 0.002 -18"><span class='ocrx_word' id='word_1_189' title='bbox 245 3668 434 3714; x_wconf 83' lang='lat' dir='ltr'><strong>recensere:</strong></span> <span class='ocrx_word' id='word_1_190' title='bbox 459 3657 490 3710; x_wconf 88' lang='lat' dir='ltr'><strong>et</strong></span> <span class='ocrx_word' id='word_1_191' title='bbox 512 3644 640 3710; x_wconf 80' lang='lat' dir='ltr'><strong>omnino</strong></span> <span class='ocrx_word' id='word_1_192' title='bbox 656 3646 751 3728; x_wconf 89' lang='lat' dir='ltr'><strong>longe</strong></span> <span class='ocrx_word' id='word_1_193' title='bbox 765 3646 970 3727; x_wconf 83' lang='lat' dir='ltr'><strong>praeferenda</strong></span> <span class='ocrx_word' id='word_1_194' title='bbox 986 3649 1160 3712; x_wconf 83' lang='lat' dir='ltr'><strong>emendatio</strong></span> 
     </span>
    </p>

    <p class='ocr_par' dir='ltr' id='par_1_11' title="bbox 148 3741 1163 3838">
     <span class='ocr_line' id='line_1_32' title="bbox 148 3741 1163 3838; baseline 0.004 -24"><span class='ocrx_word' id='word_1_195' title='bbox 148 3809 152 3814; x_wconf 87' lang='lat'>.</span> <span class='ocrx_word' id='word_1_196' title='bbox 246 3749 370 3815; x_wconf 76' lang='lat' dir='ltr'><strong>Caselii&#39;</strong></span> <span class='ocrx_word' id='word_1_197' title='bbox 384 3749 506 3837; x_wconf 80' lang='grc' dir='ltr'><strong><em>σμῆνος</em></strong></span> <span class='ocrx_word' id='word_1_198' title='bbox 532 3743 597 3838; x_wconf 73' lang='grc' dir='ltr'><strong>γὰρ</strong></span> <span class='ocrx_word' id='word_1_199' title='bbox 627 3741 740 3815; x_wconf 90' lang='grc' dir='ltr'><strong><em>ἀιτίων</em></strong></span> <span class='ocrx_word' id='word_1_200' title='bbox 767 3749 985 3834; x_wconf 75' lang='grc' dir='ltr'><strong><em>’καταλέγουσι</em></strong></span> <span class='ocrx_word' id='word_1_201' title='bbox 1016 3751 1163 3833; x_wconf 84' lang='lat' dir='ltr'><strong>proxime</strong></span> 
     </span>
    </p>

    <p class='ocr_par' dir='ltr' id='par_1_12' title="bbox 246 3849 1162 4038">
     <span class='ocr_line' id='line_1_33' title="bbox 247 3849 1162 3938; baseline 0.001 -24"><span class='ocrx_word' id='word_1_202' title='bbox 247 3855 396 3916; x_wconf 85' lang='lat' dir='ltr'><strong>accedens</strong></span> <span class='ocrx_word' id='word_1_203' title='bbox 413 3851 629 3915; x_wconf 87' lang='lat' dir='ltr'><strong>adlectionem</strong></span> <span class='ocrx_word' id='word_1_204' title='bbox 646 3849 752 3938; x_wconf 70' lang='lat' dir='ltr'><strong>qud.</strong></span> <span class='ocrx_word' id='word_1_205' title='bbox 777 3849 915 3935; x_wconf 84' lang='grc' dir='ltr'><strong><em>Σμῆνος</em></strong></span> <span class='ocrx_word' id='word_1_206' title='bbox 928 3873 1043 3937; x_wconf 86' lang='lat' dir='ltr'><strong>propr.</strong></span> <span class='ocrx_word' id='word_1_207' title='bbox 1056 3874 1162 3935; x_wconf 77' lang='lat' dir='ltr'><strong>opum</strong></span> 
     </span>
     <span class='ocr_line' id='line_1_34' title="bbox 246 3938 1161 4038; baseline -0.002 -16"><span class='ocrx_word' id='word_1_208' title='bbox 246 3943 400 4036; x_wconf 77' lang='lat' dir='ltr'><strong>examen,</strong></span> <span class='ocrx_word' id='word_1_209' title='bbox 412 3958 464 4021; x_wconf 84' lang='lat' dir='ltr'><strong>ein</strong></span> <span class='ocrx_word' id='word_1_210' title='bbox 475 3938 757 4024; x_wconf 76' lang='lat' dir='ltr'><strong>Bienensehtdorm</strong></span> <span class='ocrx_word' id='word_1_211' title='bbox 764 3965 776 4032; x_wconf 90' lang='lat'>;</span> <span class='ocrx_word' id='word_1_212' title='bbox 797 3950 935 4037; x_wconf 84' lang='lat' dir='ltr'><strong>hinope&#39;r</strong></span> <span class='ocrx_word' id='word_1_213' title='bbox 947 3955 1161 4038; x_wconf 84' lang='lat' dir='ltr'><strong>metaphoram</strong></span> 
     </span>
    </p>
   </div>
   <div class='ocr_carea' id='block_1_5' title="bbox 0 0 1432 4786">
    <p class='ocr_par' dir='ltr' id='par_1_13' title="bbox 0 0 1432 4786">
     <span class='ocr_line' id='line_1_35' title="bbox 0 0 1432 4786; baseline 0 0"><span class='ocrx_word' id='word_1_214' title='bbox 0 0 1432 4786; x_wconf 95' lang='lat' dir='ltr'><strong> </strong></span> 
     </span>
    </p>
   </div>
  </div>
 </body>
</html>
