<?xml version="1.0" encoding="UTF-8"?>
<!DOCTYPE html PUBLIC "-//W3C//DTD XHTML 1.0 Transitional//EN"
    "http://www.w3.org/TR/xhtml1/DTD/xhtml1-transitional.dtd">
<html xmlns="http://www.w3.org/1999/xhtml" xml:lang="en" lang="en">
 <head>
  <title>
</title>
<meta http-equiv="Content-Type" content="text/html;charset=utf-8" />
  <meta name='ocr-system' content='tesseract 3.04.00' />
  <meta name='ocr-capabilities' content='ocr_page ocr_carea ocr_par ocr_line ocrx_word'/>
</head>
<body>
  <div class='ocr_page' id='page_1' title='image "./alexandriaphrod01bardgoog_0173.png"; bbox 0 0 2782 4790; ppageno 0'>
   <div class='ocr_carea' id='block_1_1' title="bbox 235 454 1118 519">
    <p class='ocr_par' dir='ltr' id='par_1_1' title="bbox 235 454 1118 519">
     <span class='ocr_line' id='line_1_1' title="bbox 235 454 1118 519; baseline 0 -1"><span class='ocrx_word' id='word_1_1' title='bbox 235 454 295 519; x_wconf 83' lang='lat'><em>158</em></span> <span class='ocrx_word' id='word_1_2' title='bbox 909 475 912 485; x_wconf 29' lang='grc' dir='ltr'>ἱ</span> <span class='ocrx_word' id='word_1_3' title='bbox 1113 489 1118 518; x_wconf 60' lang='grc' dir='ltr'><em>ι</em></span> 
     </span>
    </p>
   </div>
   <div class='ocr_carea' id='block_1_2' title="bbox 165 609 1327 4119">
    <p class='ocr_par' dir='ltr' id='par_1_2' title="bbox 235 609 1238 738">
     <span class='ocr_line' id='line_1_2' title="bbox 235 609 1238 738; baseline -0.007 -50"><span class='ocrx_word' id='word_1_4' title='bbox 235 618 409 690; x_wconf 87' lang='grc' dir='ltr'><em>έλούσατο·</em></span> <span class='ocrx_word' id='word_1_5' title='bbox 433 647 453 700; x_wconf 89' lang='grc' dir='ltr'><em>η</em></span> <span class='ocrx_word' id='word_1_6' title='bbox 443 617 511 687; x_wconf 72' lang='grc' dir='ltr'><em>’δὲ</em></span> <span class='ocrx_word' id='word_1_7' title='bbox 497 611 697 738; x_wconf 81' lang='grc' dir='ltr'><em>ἐάπόφοσις</em></span> <span class='ocrx_word' id='word_1_8' title='bbox 719 611 866 706; x_wconf 77' lang='grc' dir='ltr'><em>ἀναιρεῖν</em></span> <span class='ocrx_word' id='word_1_9' title='bbox 883 615 1062 738; x_wconf 78' lang='grc' dir='ltr'><em>πειρωμένη</em></span> <span class='ocrx_word' id='word_1_10' title='bbox 1077 609 1116 682; x_wconf 87' lang='grc' dir='ltr'><em>τὸ</em></span> <span class='ocrx_word' id='word_1_11' title='bbox 1131 609 1238 706; x_wconf 86' lang='grc' dir='ltr'><em>ύπάρ-</em></span> 
     </span>
    </p>

    <p class='ocr_par' dir='ltr' id='par_1_3' title="bbox 231 711 1238 916">
     <span class='ocr_line' id='line_1_3' title="bbox 231 711 1238 815; baseline -0.01 -22"><span class='ocrx_word' id='word_1_12' title='bbox 231 751 292 814; x_wconf 90' lang='grc' dir='ltr'><em>χον</em></span> <span class='ocrx_word' id='word_1_13' title='bbox 309 753 330 807; x_wconf 89' lang='grc' dir='ltr'><em>η</em></span> <span class='ocrx_word' id='word_1_14' title='bbox 314 718 512 815; x_wconf 78' lang='grc' dir='ltr'><em>”ὑπάρξαν,</em></span> <span class='ocrx_word' id='word_1_15' title='bbox 542 711 681 803; x_wconf 72' lang='grc' dir='ltr'><em>δῆλον”</em></span> <span class='ocrx_word' id='word_1_16' title='bbox 661 744 715 786; x_wconf 86' lang='grc' dir='ltr'><em>οτι</em></span> <span class='ocrx_word' id='word_1_17' title='bbox 735 715 903 812; x_wconf 57' lang='grc' dir='ltr'><em>φευδιἫς</em></span> <span class='ocrx_word' id='word_1_18' title='bbox 884 735 992 784; x_wconf 86' lang='grc' dir='ltr'><em>εσται·</em></span> <span class='ocrx_word' id='word_1_19' title='bbox 1025 723 1080 784; x_wconf 83' lang='grc' dir='ltr'><em>καὶ</em></span> <span class='ocrx_word' id='word_1_20' title='bbox 1102 718 1129 783; x_wconf 86' lang='grc' dir='ltr'><em>ἐι</em></span> <span class='ocrx_word' id='word_1_21' title='bbox 1146 712 1238 805; x_wconf 82' lang='grc' dir='ltr'><em>τύχοι</em></span> 
     </span>
     <span class='ocr_line' id='line_1_4' title="bbox 233 819 1237 916; baseline -0.011 -19"><span class='ocrx_word' id='word_1_22' title='bbox 233 825 279 916; x_wconf 83' lang='grc' dir='ltr'><em>μὴ</em></span> <span class='ocrx_word' id='word_1_23' title='bbox 298 822 490 915; x_wconf 86' lang='grc' dir='ltr'><em>λουόμενος,</em></span> <span class='ocrx_word' id='word_1_24' title='bbox 523 819 544 905; x_wconf 79' lang='lat'><em>6</em></span> <span class='ocrx_word' id='word_1_25' title='bbox 563 850 608 909; x_wconf 90' lang='grc' dir='ltr'><em>μη</em></span> <span class='ocrx_word' id='word_1_26' title='bbox 595 820 818 911; x_wconf 78' lang='grc' dir='ltr'><em>λελουμένος</em></span> <span class='ocrx_word' id='word_1_27' title='bbox 830 872 838 902; x_wconf 94' lang='grc'><em>,</em></span> <span class='ocrx_word' id='word_1_28' title='bbox 874 822 913 916; x_wconf 73' lang='grc' dir='ltr'><em>τῇ</em></span> <span class='ocrx_word' id='word_1_29' title='bbox 934 819 1118 913; x_wconf 84' lang='grc' dir='ltr'><em>προτεραίο</em></span> <span class='ocrx_word' id='word_1_30' title='bbox 1139 823 1237 903; x_wconf 87' lang='grc' dir='ltr'><em>δηλο-</em></span> 
     </span>
    </p>

    <p class='ocr_par' dir='ltr' id='par_1_4' title="bbox 201 893 1243 1639">
     <span class='ocr_line' id='line_1_5' title="bbox 234 893 1237 1019; baseline -0.009 -20"><span class='ocrx_word' id='word_1_31' title='bbox 234 927 325 1012; x_wconf 88' lang='grc' dir='ltr'><em>νότι,</em></span> <span class='ocrx_word' id='word_1_32' title='bbox 361 927 421 1012; x_wconf 76' lang='grc' dir='ltr'><em>τὴν</em></span> <span class='ocrx_word' id='word_1_33' title='bbox 448 935 508 1016; x_wconf 82' lang='grc' dir='ltr'><em>μὲν</em></span> <span class='ocrx_word' id='word_1_34' title='bbox 540 921 713 1019; x_wconf 87' lang='grc' dir='ltr'><em>ἀπόφασιν</em></span> <span class='ocrx_word' id='word_1_35' title='bbox 734 921 821 992; x_wconf 87' lang='grc' dir='ltr'><em>κατά</em></span> <span class='ocrx_word' id='word_1_36' title='bbox 844 893 902 993; x_wconf 85' lang='grc' dir='ltr'><em>τὸύ</em></span> <span class='ocrx_word' id='word_1_37' title='bbox 929 925 1088 992; x_wconf 77' lang='grc' dir='ltr'><em>ἐνεστῶτα</em></span> <span class='ocrx_word' id='word_1_38' title='bbox 1106 918 1237 1013; x_wconf 88' lang='grc' dir='ltr'><em>χρόνον,</em></span> 
     </span>
     <span class='ocr_line' id='line_1_6' title="bbox 234 1020 1238 1123; baseline -0.008 -23"><span class='ocrx_word' id='word_1_39' title='bbox 234 1040 290 1101; x_wconf 85' lang='grc' dir='ltr'><em>καὶ</em></span> <span class='ocrx_word' id='word_1_40' title='bbox 302 1030 360 1102; x_wconf 89' lang='grc' dir='ltr'><em>τὸν</em></span> <span class='ocrx_word' id='word_1_41' title='bbox 374 1024 636 1123; x_wconf 75' lang='grc' dir='ltr'><em>παρεληλυθότα</em></span> <span class='ocrx_word' id='word_1_42' title='bbox 648 1029 899 1117; x_wconf 80' lang='grc' dir='ltr'><em>λαμβανομένην</em></span> <span class='ocrx_word' id='word_1_43' title='bbox 912 1022 1090 1108; x_wconf 72' lang='grc' dir='ltr'><em>ἀληθεύειν</em></span> <span class='ocrx_word' id='word_1_44' title='bbox 1101 1020 1238 1113; x_wconf 84' lang='grc' dir='ltr'><em>ἀνάγκη,</em></span> 
     </span>
     <span class='ocr_line' id='line_1_7' title="bbox 226 1124 1239 1228; baseline -0.009 -23"><span class='ocrx_word' id='word_1_45' title='bbox 226 1135 294 1219; x_wconf 77' lang='grc' dir='ltr'><em>’τὴν</em></span> <span class='ocrx_word' id='word_1_46' title='bbox 315 1139 349 1203; x_wconf 84' lang='grc' dir='ltr'><em>δὲ</em></span> <span class='ocrx_word' id='word_1_47' title='bbox 366 1129 558 1228; x_wconf 87' lang='grc' dir='ltr'><em>κατάφασιν</em></span> <span class='ocrx_word' id='word_1_48' title='bbox 580 1125 770 1223; x_wconf 82' lang='grc' dir='ltr'><em>ύπάρχεινῆ</em></span> <span class='ocrx_word' id='word_1_49' title='bbox 790 1124 934 1219; x_wconf 81' lang='grc' dir='ltr'><em>ύπάρξοιι</em></span> <span class='ocrx_word' id='word_1_50' title='bbox 951 1132 1112 1218; x_wconf 85' lang='grc' dir='ltr'><em>λέγουσαν</em></span> <span class='ocrx_word' id='word_1_51' title='bbox 1134 1126 1172 1197; x_wconf 89' lang='grc' dir='ltr'><em>τὸ</em></span> <span class='ocrx_word' id='word_1_52' title='bbox 1193 1126 1239 1216; x_wconf 78' lang='grc' dir='ltr'><em>μὴ</em></span> 
     </span>
     <span class='ocr_line' id='line_1_8' title="bbox 235 1230 1241 1332; baseline -0.011 -24"><span class='ocrx_word' id='word_1_53' title='bbox 235 1230 429 1328; x_wconf 77' lang='grc' dir='ltr'><em>ἐκβεβηκὸς,</em></span> <span class='ocrx_word' id='word_1_54' title='bbox 460 1233 663 1332; x_wconf 80' lang='grc' dir='ltr'><em>ψεύδεσθαι.</em></span> <span class='ocrx_word' id='word_1_55' title='bbox 720 1231 823 1302; x_wconf 59' lang='lat' dir='ltr'><em>Kaio}</em></span> <span class='ocrx_word' id='word_1_56' title='bbox 853 1236 890 1300; x_wconf 88' lang='grc' dir='ltr'><em>δέ</em></span> <span class='ocrx_word' id='word_1_57' title='bbox 920 1259 956 1321; x_wconf 89' lang='grc' dir='ltr'><em>γε</em></span> <span class='ocrx_word' id='word_1_58' title='bbox 985 1230 1042 1300; x_wconf 88' lang='grc' dir='ltr'><em>τὸν</em></span> <span class='ocrx_word' id='word_1_59' title='bbox 1075 1235 1241 1321; x_wconf 85' lang='grc' dir='ltr'><em>μέλλοντα</em></span> 
     </span>
     <span class='ocr_line' id='line_1_9' title="bbox 231 1332 1240 1464; baseline -0.01 -53"><span class='ocrx_word' id='word_1_60' title='bbox 231 1341 367 1464; x_wconf 85' lang='grc' dir='ltr'><em>χρόνογ,</em></span> <span class='ocrx_word' id='word_1_61' title='bbox 400 1344 539 1432; x_wconf 84' lang='grc' dir='ltr'><em>διαιρεῖν</em></span> <span class='ocrx_word' id='word_1_62' title='bbox 558 1347 618 1428; x_wconf 82' lang='grc' dir='ltr'><em>μέν</em></span> <span class='ocrx_word' id='word_1_63' title='bbox 640 1343 695 1404; x_wconf 89' lang='grc' dir='ltr'><em>καὶ</em></span> <span class='ocrx_word' id='word_1_64' title='bbox 721 1332 806 1404; x_wconf 84' lang='grc' dir='ltr'><em>ὁύτα</em></span> <span class='ocrx_word' id='word_1_65' title='bbox 831 1342 914 1429; x_wconf 85' lang='grc' dir='ltr'><em>φησὶ</em></span> <span class='ocrx_word' id='word_1_66' title='bbox 936 1333 996 1415; x_wconf 82' lang='grc' dir='ltr'><em>τὰς</em></span> <span class='ocrx_word' id='word_1_67' title='bbox 1013 1332 1134 1404; x_wconf 74' lang='grc' dir='ltr'><em>καθ’”</em></span> <span class='ocrx_word' id='word_1_68' title='bbox 1117 1360 1240 1402; x_wconf 82' lang='grc' dir='ltr'><em>ικαστα</em></span> 
     </span>
     <span class='ocr_line' id='line_1_10' title="bbox 201 1437 1243 1540; baseline -0.008 -26"><span class='ocrx_word' id='word_1_69' title='bbox 201 1463 205 1469; x_wconf 83' lang='grc'><strong>’</strong></span> <span class='ocrx_word' id='word_1_70' title='bbox 234 1442 412 1540; x_wconf 85' lang='grc' dir='ltr'><em>προτάσεις</em></span> <span class='ocrx_word' id='word_1_71' title='bbox 432 1439 488 1525; x_wconf 87' lang='grc' dir='ltr'><em>τό,</em></span> <span class='ocrx_word' id='word_1_72' title='bbox 512 1469 545 1510; x_wconf 89' lang='grc' dir='ltr'><em>τε</em></span> <span class='ocrx_word' id='word_1_73' title='bbox 565 1439 675 1524; x_wconf 78' lang='grc' dir='ltr'><em>ἀληθὲ</em></span> <span class='ocrx_word' id='word_1_74' title='bbox 661 1449 694 1519; x_wconf 77' lang='grc' dir='ltr'><em>ἐς</em></span> <span class='ocrx_word' id='word_1_75' title='bbox 714 1445 770 1508; x_wconf 84' lang='grc' dir='ltr'><em>καὶ</em></span> <span class='ocrx_word' id='word_1_76' title='bbox 787 1465 825 1506; x_wconf 89' lang='grc' dir='ltr'><em>το</em></span> <span class='ocrx_word' id='word_1_77' title='bbox 812 1437 981 1535; x_wconf 80' lang='grc' dir='ltr'><em>φεύδος,</em></span> <span class='ocrx_word' id='word_1_78' title='bbox 1004 1437 1112 1507; x_wconf 82' lang='grc' dir='ltr'><em>οὐκέτι</em></span> <span class='ocrx_word' id='word_1_79' title='bbox 1129 1443 1243 1526; x_wconf 85' lang='grc' dir='ltr'><em>μέντοι</em></span> 
     </span>
     <span class='ocr_line' id='line_1_11' title="bbox 236 1539 1243 1666; baseline -0.009 -48"><span class='ocrx_word' id='word_1_80' title='bbox 236 1546 356 1639; x_wconf 86' lang='grc' dir='ltr'><em>ὁμοίως</em></span> <span class='ocrx_word' id='word_1_81' title='bbox 377 1551 450 1626; x_wconf 84' lang='grc' dir='ltr'><em>ταῖς</em></span> <span class='ocrx_word' id='word_1_82' title='bbox 476 1543 563 1612; x_wconf 88' lang='grc' dir='ltr'><em>κατά</em></span> <span class='ocrx_word' id='word_1_83' title='bbox 587 1542 644 1612; x_wconf 88' lang='grc' dir='ltr'><em>τὸν</em></span> <span class='ocrx_word' id='word_1_84' title='bbox 654 1543 824 1646; x_wconf 78' lang='grc' dir='ltr'><em>ἐνεστῶτα</em></span> <span class='ocrx_word' id='word_1_85' title='bbox 810 1539 976 1666; x_wconf 85' lang='grc' dir='ltr'><em>χρόνον,</em></span> <span class='ocrx_word' id='word_1_86' title='bbox 1005 1572 1026 1627; x_wconf 90' lang='grc' dir='ltr'><em>η</em></span> <span class='ocrx_word' id='word_1_87' title='bbox 1051 1539 1107 1610; x_wconf 88' lang='grc' dir='ltr'><em>τὸν</em></span> <span class='ocrx_word' id='word_1_88' title='bbox 1128 1569 1243 1634; x_wconf 86' lang='grc' dir='ltr'><em>παρω-</em></span> 
     </span>
    </p>

    <p class='ocr_par' dir='ltr' id='par_1_5' title="bbox 165 1642 1244 1845">
     <span class='ocr_line' id='line_1_12' title="bbox 165 1642 1244 1780; baseline -0.006 -61"><span class='ocrx_word' id='word_1_89' title='bbox 165 1675 167 1680; x_wconf 80' lang='grc'>’</span> <span class='ocrx_word' id='word_1_90' title='bbox 232 1647 358 1780; x_wconf 76' lang='grc' dir='ltr'><em>γηκύτα</em></span> <span class='ocrx_word' id='word_1_91' title='bbox 389 1650 665 1738; x_wconf 86' lang='grc' dir='ltr'><em>λαμβανομένοις.</em></span> <span class='ocrx_word' id='word_1_92' title='bbox 713 1643 818 1713; x_wconf 80' lang='lat'><em>(66</em></span> <span class='ocrx_word' id='word_1_93' title='bbox 780 1674 845 1739; x_wconf 90' lang='grc' dir='ltr'><em>γαρ</em></span> <span class='ocrx_word' id='word_1_94' title='bbox 871 1647 919 1714; x_wconf 81' lang='grc' dir='ltr'><em>ἔτι</em></span> <span class='ocrx_word' id='word_1_95' title='bbox 947 1642 1131 1738; x_wconf 79' lang='grc' dir='ltr'><em>ὡρισμένως</em></span> <span class='ocrx_word' id='word_1_96' title='bbox 1156 1648 1244 1713; x_wconf 81' lang='grc' dir='ltr'><em>ἐστὶν</em></span> 
     </span>
     <span class='ocr_line' id='line_1_13' title="bbox 236 1743 1245 1845; baseline -0.006 -23"><span class='ocrx_word' id='word_1_97' title='bbox 236 1760 351 1835; x_wconf 87' lang='grc' dir='ltr'><em>έιπεῖν,</em></span> <span class='ocrx_word' id='word_1_98' title='bbox 379 1756 503 1842; x_wconf 88' lang='grc' dir='ltr'><em>ποτέρα</em></span> <span class='ocrx_word' id='word_1_99' title='bbox 523 1746 709 1839; x_wconf 80' lang='grc' dir='ltr'><em>μένάντῶν</em></span> <span class='ocrx_word' id='word_1_100' title='bbox 729 1745 927 1833; x_wconf 88' lang='grc' dir='ltr'><em>ἀληθεύσει,</em></span> <span class='ocrx_word' id='word_1_101' title='bbox 959 1752 1137 1842; x_wconf 87' lang='grc' dir='ltr'><em>ποτέραδέ</em></span> <span class='ocrx_word' id='word_1_102' title='bbox 1159 1743 1245 1845; x_wconf 80' lang='grc' dir='ltr'><em>φεύ-</em></span> 
     </span>
    </p>

    <p class='ocr_par' dir='ltr' id='par_1_6' title="bbox 234 1849 1243 2048">
     <span class='ocr_line' id='line_1_14' title="bbox 237 1849 1243 1944; baseline -0.005 -19"><span class='ocrx_word' id='word_1_103' title='bbox 237 1883 346 1939; x_wconf 89' lang='grc' dir='ltr'><em>σεται,</em></span> <span class='ocrx_word' id='word_1_104' title='bbox 380 1851 465 1923; x_wconf 87' lang='grc' dir='ltr'><em>ὁύτω</em></span> <span class='ocrx_word' id='word_1_105' title='bbox 491 1853 552 1922; x_wconf 83' lang='grc' dir='ltr'><em>τοῦ</em></span> <span class='ocrx_word' id='word_1_106' title='bbox 577 1850 773 1944; x_wconf 86' lang='grc' dir='ltr'><em>πράγματος</em></span> <span class='ocrx_word' id='word_1_107' title='bbox 794 1849 1025 1940; x_wconf 85' lang='grc' dir='ltr'><em>ἐκβεβηκότος,</em></span> <span class='ocrx_word' id='word_1_108' title='bbox 1061 1856 1243 1941; x_wconf 76' lang='grc' dir='ltr'><em>δυναμένου</em></span> 
     </span>
     <span class='ocr_line' id='line_1_15' title="bbox 234 1953 911 2048; baseline -0.003 -21"><span class='ocrx_word' id='word_1_109' title='bbox 234 1964 294 2048; x_wconf 88' lang='grc' dir='ltr'><em>μέν</em></span> <span class='ocrx_word' id='word_1_110' title='bbox 315 1985 365 2028; x_wconf 86' lang='grc' dir='ltr'><em>τοι</em></span> <span class='ocrx_word' id='word_1_111' title='bbox 388 1965 445 2028; x_wconf 86' lang='grc' dir='ltr'><em>καὶ</em></span> <span class='ocrx_word' id='word_1_112' title='bbox 466 1957 600 2045; x_wconf 80' lang='grc' dir='ltr'><em>ἐκβῆναι</em></span> <span class='ocrx_word' id='word_1_113' title='bbox 621 1962 678 2025; x_wconf 82' lang='grc' dir='ltr'><em>καὶ</em></span> <span class='ocrx_word' id='word_1_114' title='bbox 698 1953 744 2045; x_wconf 80' lang='grc' dir='ltr'><em>μὴ</em></span> <span class='ocrx_word' id='word_1_115' title='bbox 766 1958 911 2045; x_wconf 78' lang='grc' dir='ltr'><em>ἐκβῆναι.</em></span> 
     </span>
    </p>

    <p class='ocr_par' dir='ltr' id='par_1_7' title="bbox 170 2159 1327 4119">
     <span class='ocr_line' id='line_1_16' title="bbox 248 2159 1243 2257; baseline -0.002 -21"><span class='ocrx_word' id='word_1_116' title='bbox 248 2215 253 2220; x_wconf 90' lang='grc'>-</span> <span class='ocrx_word' id='word_1_117' title='bbox 304 2167 412 2236; x_wconf 80' lang='grc' dir='ltr'><em>Τοῦτο</em></span> <span class='ocrx_word' id='word_1_118' title='bbox 426 2168 485 2255; x_wconf 87' lang='grc' dir='ltr'><em>μέν</em></span> <span class='ocrx_word' id='word_1_119' title='bbox 495 2191 548 2234; x_wconf 88' lang='grc' dir='ltr'><em>τοι</em></span> <span class='ocrx_word' id='word_1_120' title='bbox 563 2163 602 2233; x_wconf 88' lang='grc' dir='ltr'><em>τὸ</em></span> <span class='ocrx_word' id='word_1_121' title='bbox 615 2159 780 2257; x_wconf 80' lang='grc' dir='ltr'><em>θεώρημα</em></span> <span class='ocrx_word' id='word_1_122' title='bbox 798 2161 836 2235; x_wconf 85' lang='grc' dir='ltr'><em>τὸ</em></span> <span class='ocrx_word' id='word_1_123' title='bbox 851 2166 910 2236; x_wconf 86' lang='grc' dir='ltr'><em>νύν</em></span> <span class='ocrx_word' id='word_1_124' title='bbox 922 2160 972 2234; x_wconf 74' lang='grc' dir='ltr'><em>ὑπ’</em></span> <span class='ocrx_word' id='word_1_125' title='bbox 989 2159 1243 2256; x_wconf 80' lang='grc' dir='ltr'><em>Ἀριστοτέλους</em></span> 
     </span>
     <span class='ocr_line' id='line_1_17' title="bbox 237 2263 1244 2360; baseline -0.007 -17"><span class='ocrx_word' id='word_1_126' title='bbox 237 2267 443 2360; x_wconf 87' lang='grc' dir='ltr'><em>κινούμενον,</em></span> <span class='ocrx_word' id='word_1_127' title='bbox 465 2273 557 2337; x_wconf 84' lang='grc' dir='ltr'><em>δοκεῖ</em></span> <span class='ocrx_word' id='word_1_128' title='bbox 569 2277 629 2356; x_wconf 78' lang='grc' dir='ltr'><em>μὲν</em></span> <span class='ocrx_word' id='word_1_129' title='bbox 643 2271 727 2338; x_wconf 85' lang='grc' dir='ltr'><em>ἐῖναι</em></span> <span class='ocrx_word' id='word_1_130' title='bbox 741 2265 891 2355; x_wconf 84' lang='grc' dir='ltr'><em>λογικὸν,</em></span> <span class='ocrx_word' id='word_1_131' title='bbox 908 2265 1007 2338; x_wconf 80' lang='grc' dir='ltr'><em>,κατὰ</em></span> <span class='ocrx_word' id='word_1_132' title='bbox 1026 2263 1194 2350; x_wconf 76' lang='grc' dir='ltr'><em>ἀλήθειαν</em></span> <span class='ocrx_word' id='word_1_133' title='bbox 1207 2272 1244 2336; x_wconf 76' lang='grc' dir='ltr'><em>δὲ</em></span> 
     </span>
     <span class='ocr_line' id='line_1_18' title="bbox 236 2366 1242 2468; baseline -0.003 -24"><span class='ocrx_word' id='word_1_134' title='bbox 236 2373 320 2468; x_wconf 84' lang='grc' dir='ltr'><em>πρὸς</em></span> <span class='ocrx_word' id='word_1_135' title='bbox 333 2368 443 2444; x_wconf 87' lang='grc' dir='ltr'><em>πάντα</em></span> <span class='ocrx_word' id='word_1_136' title='bbox 460 2369 503 2440; x_wconf 88' lang='grc' dir='ltr'><em>τά</em></span> <span class='ocrx_word' id='word_1_137' title='bbox 523 2366 627 2464; x_wconf 89' lang='grc' dir='ltr'><em>μόρια</em></span> <span class='ocrx_word' id='word_1_138' title='bbox 641 2373 700 2454; x_wconf 71' lang='grc' dir='ltr'><em>τῆς</em></span> <span class='ocrx_word' id='word_1_139' title='bbox 714 2373 919 2465; x_wconf 80' lang='grc' dir='ltr'><em>φιλοσοφίας</em></span> <span class='ocrx_word' id='word_1_140' title='bbox 937 2373 1023 2440; x_wconf 83' lang='grc' dir='ltr'><em>ἐστίν</em></span> <span class='ocrx_word' id='word_1_141' title='bbox 1044 2367 1242 2458; x_wconf 85' lang='grc' dir='ltr'><em>ἀναγκαῖον·</em></span> 
     </span>
     <span class='ocr_line' id='line_1_19' title="bbox 235 2472 1245 2569; baseline 0 -23"><span class='ocrx_word' id='word_1_142' title='bbox 235 2473 323 2547; x_wconf 88' lang='grc' dir='ltr'><em>κατά</em></span> <span class='ocrx_word' id='word_1_143' title='bbox 353 2502 387 2544; x_wconf 87' lang='grc' dir='ltr'><em>τε</em></span> <span class='ocrx_word' id='word_1_144' title='bbox 412 2473 477 2566; x_wconf 89' lang='grc' dir='ltr'><em>γάρ</em></span> <span class='ocrx_word' id='word_1_145' title='bbox 511 2472 571 2557; x_wconf 79' lang='grc' dir='ltr'><em>τὴν</em></span> <span class='ocrx_word' id='word_1_146' title='bbox 592 2472 719 2558; x_wconf 77' lang='grc' dir='ltr'><em>ἠθικὴν</em></span> <span class='ocrx_word' id='word_1_147' title='bbox 744 2478 950 2569; x_wconf 84' lang='grc' dir='ltr'><em>φιλοσοφίαν</em></span> <span class='ocrx_word' id='word_1_148' title='bbox 977 2476 1089 2552; x_wconf 74' lang='grc' dir='ltr'><em>πᾶσαν</em></span> <span class='ocrx_word' id='word_1_149' title='bbox 1117 2473 1245 2565; x_wconf 88' lang='grc' dir='ltr'><em>ἀνάγκη</em></span> 
     </span>
     <span class='ocr_line' id='line_1_20' title="bbox 237 2573 1248 2675; baseline -0.002 -25"><span class='ocrx_word' id='word_1_150' title='bbox 237 2575 503 2675; x_wconf 85' lang='grc' dir='ltr'><em>προςλαμβοίνειν</em></span> <span class='ocrx_word' id='word_1_151' title='bbox 514 2631 525 2661; x_wconf 88' lang='grc'><em>,</em></span> <span class='ocrx_word' id='word_1_152' title='bbox 558 2574 601 2658; x_wconf 83' lang='grc' dir='ltr'><em>ὡς</em></span> <span class='ocrx_word' id='word_1_153' title='bbox 629 2575 668 2646; x_wconf 90' lang='lat'><em>06</em></span> <span class='ocrx_word' id='word_1_154' title='bbox 693 2573 802 2648; x_wconf 84' lang='grc' dir='ltr'><em>πάντα</em></span> <span class='ocrx_word' id='word_1_155' title='bbox 827 2580 896 2648; x_wconf 88' lang='grc' dir='ltr'><em>ἐστί</em></span> <span class='ocrx_word' id='word_1_156' title='bbox 922 2605 956 2650; x_wconf 88' lang='grc' dir='ltr'><em>τε</em></span> <span class='ocrx_word' id='word_1_157' title='bbox 982 2586 1038 2648; x_wconf 80' lang='grc' dir='ltr'><em>καὶ</em></span> <span class='ocrx_word' id='word_1_158' title='bbox 1063 2582 1188 2668; x_wconf 84' lang='grc' dir='ltr'><em>γίνεται</em></span> <span class='ocrx_word' id='word_1_159' title='bbox 1213 2583 1248 2664; x_wconf 84' lang='grc' dir='ltr'><em>ἐξ</em></span> 
     </span>
     <span class='ocr_line' id='line_1_21' title="bbox 237 2677 1247 2776; baseline 0.001 -23"><span class='ocrx_word' id='word_1_160' title='bbox 237 2681 399 2772; x_wconf 88' lang='grc' dir='ltr'><em>ἀνάγκης,</em></span> <span class='ocrx_word' id='word_1_161' title='bbox 432 2677 502 2750; x_wconf 80' lang='grc' dir='ltr'><em>ἀλλ’</em></span> <span class='ocrx_word' id='word_1_162' title='bbox 526 2681 597 2750; x_wconf 77' lang='grc' dir='ltr'><em>ἔστι</em></span> <span class='ocrx_word' id='word_1_163' title='bbox 618 2680 694 2751; x_wconf 83' lang='grc' dir='ltr'><em>τινά</em></span> <span class='ocrx_word' id='word_1_164' title='bbox 713 2689 769 2752; x_wconf 79' lang='grc' dir='ltr'><em>καὶ</em></span> <span class='ocrx_word' id='word_1_165' title='bbox 794 2679 849 2776; x_wconf 45' lang='grc' dir='ltr'><em>ἐφέ</em></span> <span class='ocrx_word' id='word_1_166' title='bbox 868 2678 955 2772; x_wconf 75' lang='grc' dir='ltr'><em>ἡμῖν.</em></span> <span class='ocrx_word' id='word_1_167' title='bbox 992 2679 1081 2752; x_wconf 70' lang='grc' dir='ltr'><em>Ἐπεὶ</em></span> <span class='ocrx_word' id='word_1_168' title='bbox 1095 2683 1168 2776; x_wconf 82' lang='grc' dir='ltr'><em>γὰρ</em></span> <span class='ocrx_word' id='word_1_169' title='bbox 1188 2680 1247 2754; x_wconf 86' lang='grc' dir='ltr'><em>κύ-</em></span> 
     </span>
     <span class='ocr_line' id='line_1_22' title="bbox 237 2781 1247 2880; baseline 0 -24"><span class='ocrx_word' id='word_1_170' title='bbox 237 2814 305 2880; x_wconf 90' lang='grc' dir='ltr'><em>ριοι</em></span> <span class='ocrx_word' id='word_1_171' title='bbox 326 2783 472 2878; x_wconf 83' lang='grc' dir='ltr'><em>πράξεων</em></span> <span class='ocrx_word' id='word_1_172' title='bbox 496 2786 592 2855; x_wconf 81' lang='grc' dir='ltr'><em>τινῶν</em></span> <span class='ocrx_word' id='word_1_173' title='bbox 613 2783 721 2868; x_wconf 78' lang='grc' dir='ltr'><em>ὄντες,</em></span> <span class='ocrx_word' id='word_1_174' title='bbox 754 2793 810 2856; x_wconf 84' lang='grc' dir='ltr'><em>καὶ</em></span> <span class='ocrx_word' id='word_1_175' title='bbox 831 2781 880 2880; x_wconf 73' lang='grc' dir='ltr'><em>ἐφ’</em></span> <span class='ocrx_word' id='word_1_176' title='bbox 904 2783 982 2876; x_wconf 80' lang='grc' dir='ltr'><em>ἡμῖν</em></span> <span class='ocrx_word' id='word_1_177' title='bbox 1001 2785 1040 2857; x_wconf 75' lang='grc' dir='ltr'><em>ἐν</em></span> <span class='ocrx_word' id='word_1_178' title='bbox 1061 2791 1204 2858; x_wconf 80' lang='grc' dir='ltr'><em>ἑλέσθαι</em></span> <span class='ocrx_word' id='word_1_179' title='bbox 1224 2785 1247 2871; x_wconf 82' lang='grc' dir='ltr'><strong><em>ἢ</em></strong></span> 
     </span>
     <span class='ocr_line' id='line_1_23' title="bbox 235 2884 1248 2983; baseline 0.001 -25"><span class='ocrx_word' id='word_1_180' title='bbox 235 2888 282 2980; x_wconf 79' lang='grc' dir='ltr'><em>μὴ</em></span> <span class='ocrx_word' id='word_1_181' title='bbox 305 2893 447 2958; x_wconf 83' lang='grc' dir='ltr'><em>ἑλέσθαι</em></span> <span class='ocrx_word' id='word_1_182' title='bbox 466 2884 544 2957; x_wconf 84' lang='grc' dir='ltr'><em>τάδε</em></span> <span class='ocrx_word' id='word_1_183' title='bbox 567 2888 659 2968; x_wconf 84' lang='grc' dir='ltr'><em>τινὰ,</em></span> <span class='ocrx_word' id='word_1_184' title='bbox 692 2895 748 2958; x_wconf 81' lang='grc' dir='ltr'><em>καὶ</em></span> <span class='ocrx_word' id='word_1_185' title='bbox 769 2891 894 2983; x_wconf 82' lang='grc' dir='ltr'><em>πρᾶξαι</em></span> <span class='ocrx_word' id='word_1_186' title='bbox 914 2888 936 2974; x_wconf 81' lang='grc' dir='ltr'><strong><em>ἢ</em></strong></span> <span class='ocrx_word' id='word_1_187' title='bbox 956 2888 1002 2979; x_wconf 83' lang='grc' dir='ltr'><em>μὴ</em></span> <span class='ocrx_word' id='word_1_188' title='bbox 1019 2894 1158 2981; x_wconf 81' lang='grc' dir='ltr'><em>πρᾶξαι,</em></span> <span class='ocrx_word' id='word_1_189' title='bbox 1185 2890 1248 2972; x_wconf 86' lang='grc' dir='ltr'><em>τάς</em></span> 
     </span>
     <span class='ocr_line' id='line_1_24' title="bbox 236 2989 1327 3089; baseline 0.002 -27"><span class='ocrx_word' id='word_1_190' title='bbox 236 3002 297 3083; x_wconf 81' lang='grc' dir='ltr'><em>μὲν</em></span> <span class='ocrx_word' id='word_1_191' title='bbox 319 2989 505 3074; x_wconf 83' lang='grc' dir='ltr'><em>ἐπαινετάς,</em></span> <span class='ocrx_word' id='word_1_192' title='bbox 539 2990 598 3072; x_wconf 84' lang='grc' dir='ltr'><em>τὰς</em></span> <span class='ocrx_word' id='word_1_193' title='bbox 619 2997 655 3062; x_wconf 80' lang='grc' dir='ltr'><em>δὲ</em></span> <span class='ocrx_word' id='word_1_194' title='bbox 676 2991 802 3089; x_wconf 80' lang='grc' dir='ltr'><em>φεκτάς</em></span> <span class='ocrx_word' id='word_1_195' title='bbox 827 2996 911 3064; x_wconf 86' lang='grc' dir='ltr'><em>ἐῑναι</em></span> <span class='ocrx_word' id='word_1_196' title='bbox 935 2998 999 3064; x_wconf 80' lang='grc' dir='ltr'><em>τῶν</em></span> <span class='ocrx_word' id='word_1_197' title='bbox 1027 3015 1061 3064; x_wconf 88' lang='grc' dir='ltr'><em>τε</em></span> <span class='ocrx_word' id='word_1_198' title='bbox 1088 2999 1248 3087; x_wconf 86' lang='grc' dir='ltr'><em>προαιρέ-</em></span> <span class='ocrx_word' id='word_1_199' title='bbox 1320 2990 1327 3001; x_wconf 75' lang='grc'><strong>’</strong></span> 
     </span>
     <span class='ocr_line' id='line_1_25' title="bbox 238 3094 1249 3224; baseline 0.004 -60"><span class='ocrx_word' id='word_1_200' title='bbox 238 3121 319 3166; x_wconf 85' lang='grc' dir='ltr'><em>σεαν</em></span> <span class='ocrx_word' id='word_1_201' title='bbox 344 3102 400 3165; x_wconf 88' lang='grc' dir='ltr'><em>καὶ</em></span> <span class='ocrx_word' id='word_1_202' title='bbox 419 3098 483 3166; x_wconf 82' lang='grc' dir='ltr'><em>τῶν</em></span> <span class='ocrx_word' id='word_1_203' title='bbox 506 3094 652 3189; x_wconf 78' lang='grc' dir='ltr'><em>πράξεων</em></span> <span class='ocrx_word' id='word_1_204' title='bbox 671 3102 821 3218; x_wconf 82' lang='grc' dir='ltr'><em>λέγομεν,</em></span> <span class='ocrx_word' id='word_1_205' title='bbox 843 3104 899 3168; x_wconf 81' lang='grc' dir='ltr'><em>καὶ</em></span> <span class='ocrx_word' id='word_1_206' title='bbox 919 3103 1120 3224; x_wconf 81' lang='grc' dir='ltr'><em>περιτρέπειν</em></span> <span class='ocrx_word' id='word_1_207' title='bbox 1138 3100 1165 3180; x_wconf 86' lang='lat'><em>¹)</em></span> <span class='ocrx_word' id='word_1_208' title='bbox 1185 3108 1249 3188; x_wconf 78' lang='grc' dir='ltr'><em>μέν</em></span> 
     </span>
     <span class='ocr_line' id='line_1_26' title="bbox 237 3197 1249 3331; baseline 0.003 -64"><span class='ocrx_word' id='word_1_209' title='bbox 237 3197 316 3279; x_wconf 81' lang='grc' dir='ltr'><em>τούς</em></span> <span class='ocrx_word' id='word_1_210' title='bbox 330 3205 431 3280; x_wconf 85' lang='grc' dir='ltr'><em>πέλας</em></span> <span class='ocrx_word' id='word_1_211' title='bbox 452 3197 635 3290; x_wconf 82' lang='grc' dir='ltr'><em>ἀξιοῦμεν</em></span> <span class='ocrx_word' id='word_1_212' title='bbox 619 3206 670 3269; x_wconf 80' lang='grc' dir='ltr'><em>επὶ</em></span> <span class='ocrx_word' id='word_1_213' title='bbox 683 3198 744 3280; x_wconf 86' lang='grc' dir='ltr'><em>τὰς</em></span> <span class='ocrx_word' id='word_1_214' title='bbox 761 3199 865 3282; x_wconf 81' lang='grc' dir='ltr'><em>καλὰς</em></span> <span class='ocrx_word' id='word_1_215' title='bbox 879 3208 935 3272; x_wconf 83' lang='grc' dir='ltr'><em>καί</em></span> <span class='ocrx_word' id='word_1_216' title='bbox 952 3199 1093 3330; x_wconf 81' lang='grc' dir='ltr'><em>ἀγαθάς</em></span> <span class='ocrx_word' id='word_1_217' title='bbox 1103 3198 1249 3331; x_wconf 84' lang='grc' dir='ltr'><em>πράξεις,</em></span> 
     </span>
     <span class='ocr_line' id='line_1_27' title="bbox 237 3303 1249 3428; baseline 0.001 -56"><span class='ocrx_word' id='word_1_218' title='bbox 237 3311 484 3396; x_wconf 85' lang='grc' dir='ltr'><em>αποτρεπειν</em></span> <span class='ocrx_word' id='word_1_219' title='bbox 449 3307 525 3372; x_wconf 89' lang='grc' dir='ltr'><em>δ</em></span> <span class='ocrx_word' id='word_1_220' title='bbox 510 3331 544 3371; x_wconf 82' lang='grc' dir='ltr'><em>εκ</em></span> <span class='ocrx_word' id='word_1_221' title='bbox 565 3304 629 3372; x_wconf 77' lang='grc' dir='ltr'><em>τῶν</em></span> <span class='ocrx_word' id='word_1_222' title='bbox 652 3304 813 3374; x_wconf 87' lang='grc' dir='ltr'><em>ἐναντίων.</em></span> <span class='ocrx_word' id='word_1_223' title='bbox 858 3308 934 3375; x_wconf 77' lang='grc' dir='ltr'><em>Καὶ</em></span> <span class='ocrx_word' id='word_1_224' title='bbox 929 3310 1006 3407; x_wconf 56' lang='grc' dir='ltr'><em>μέν</em></span> <span class='ocrx_word' id='word_1_225' title='bbox 1022 3331 1075 3375; x_wconf 90' lang='grc' dir='ltr'><em>τοι</em></span> <span class='ocrx_word' id='word_1_226' title='bbox 1092 3311 1148 3374; x_wconf 85' lang='grc' dir='ltr'><em>καὶ</em></span> <span class='ocrx_word' id='word_1_227' title='bbox 1162 3303 1249 3428; x_wconf 84' lang='grc' dir='ltr'><em>πρὸς</em></span> 
     </span>
     <span class='ocr_line' id='line_1_28' title="bbox 238 3395 1249 3538; baseline 0.002 -62"><span class='ocrx_word' id='word_1_228' title='bbox 238 3408 459 3538; x_wconf 74' lang='grc' dir='ltr'><em>φυσιολργίμν</em></span> <span class='ocrx_word' id='word_1_229' title='bbox 478 3405 642 3498; x_wconf 81' lang='grc' dir='ltr'><em>χρήσιμον</em></span> <span class='ocrx_word' id='word_1_230' title='bbox 663 3409 817 3532; x_wconf 81' lang='grc' dir='ltr'><em>φαίνεται</em></span> <span class='ocrx_word' id='word_1_231' title='bbox 835 3406 874 3478; x_wconf 87' lang='grc' dir='ltr'><em>τὸ</em></span> <span class='ocrx_word' id='word_1_232' title='bbox 890 3395 1063 3531; x_wconf 77' lang='grc' dir='ltr'><em>θεώρημα.</em></span> <span class='ocrx_word' id='word_1_233' title='bbox 1104 3406 1249 3492; x_wconf 85' lang='grc' dir='ltr'><em>Ζητησει</em></span> 
     </span>
     <span class='ocr_line' id='line_1_29' title="bbox 237 3507 1250 3604; baseline 0.004 -26"><span class='ocrx_word' id='word_1_234' title='bbox 237 3508 302 3600; x_wconf 89' lang='grc' dir='ltr'><em>γάρ</em></span> <span class='ocrx_word' id='word_1_235' title='bbox 324 3518 380 3580; x_wconf 86' lang='grc' dir='ltr'><em>καὶ</em></span> <span class='ocrx_word' id='word_1_236' title='bbox 405 3507 423 3578; x_wconf 86' lang='grc' dir='ltr'>ὁ</span> <span class='ocrx_word' id='word_1_237' title='bbox 450 3507 693 3604; x_wconf 84' lang='grc' dir='ltr'><em>φυσιόλογος</em></span> <span class='ocrx_word' id='word_1_238' title='bbox 678 3510 739 3580; x_wconf 77' lang='grc' dir='ltr'><em>είτε</em></span> <span class='ocrx_word' id='word_1_239' title='bbox 759 3509 870 3582; x_wconf 87' lang='grc' dir='ltr'><em>πάντα</em></span> <span class='ocrx_word' id='word_1_240' title='bbox 895 3510 978 3596; x_wconf 83' lang='grc' dir='ltr'><em>ἐξ</em></span> <span class='ocrx_word' id='word_1_241' title='bbox 958 3508 1103 3602; x_wconf 86' lang='grc' dir='ltr'><em>ανάγκης</em></span> <span class='ocrx_word' id='word_1_242' title='bbox 1123 3515 1250 3601; x_wconf 86' lang='grc' dir='ltr'><em>γίνεται</em></span> 
     </span>
     <span class='ocr_line' id='line_1_30' title="bbox 170 3610 1248 3706; baseline 0.006 -26"><span class='ocrx_word' id='word_1_243' title='bbox 170 3697 173 3704; x_wconf 25' lang='lat'><em>¹</em></span> <span class='ocrx_word' id='word_1_244' title='bbox 238 3610 280 3680; x_wconf 88' lang='grc' dir='ltr'><em>τά</em></span> <span class='ocrx_word' id='word_1_245' title='bbox 298 3610 475 3706; x_wconf 89' lang='grc' dir='ltr'><em>γινόμενα,</em></span> <span class='ocrx_word' id='word_1_246' title='bbox 496 3616 526 3682; x_wconf 84' lang='grc' dir='ltr'><em>ἐι</em></span> <span class='ocrx_word' id='word_1_247' title='bbox 543 3617 579 3681; x_wconf 90' lang='grc' dir='ltr'><em>τέ</em></span> <span class='ocrx_word' id='word_1_248' title='bbox 599 3638 675 3682; x_wconf 85' lang='grc' dir='ltr'><em>τινα</em></span> <span class='ocrx_word' id='word_1_249' title='bbox 695 3610 762 3684; x_wconf 87' lang='grc' dir='ltr'><em>ἀπὸ</em></span> <span class='ocrx_word' id='word_1_250' title='bbox 782 3612 881 3706; x_wconf 85' lang='grc' dir='ltr'><em>τύχης</em></span> <span class='ocrx_word' id='word_1_251' title='bbox 898 3622 954 3686; x_wconf 83' lang='grc' dir='ltr'><em>καὶ</em></span> <span class='ocrx_word' id='word_1_252' title='bbox 968 3619 1002 3685; x_wconf 84' lang='grc' dir='ltr'><em>ἐκ</em></span> <span class='ocrx_word' id='word_1_253' title='bbox 1024 3613 1248 3706; x_wconf 80' lang='grc' dir='ltr'><em>τάντομάτου.</em></span> 
     </span>
     <span class='ocr_line' id='line_1_31' title="bbox 239 3713 1293 3808; baseline 0.006 -24"><span class='ocrx_word' id='word_1_254' title='bbox 239 3719 311 3786; x_wconf 83' lang='grc' dir='ltr'><em>Καὶ</em></span> <span class='ocrx_word' id='word_1_255' title='bbox 331 3715 414 3806; x_wconf 87' lang='grc' dir='ltr'><em>πρὸς</em></span> <span class='ocrx_word' id='word_1_256' title='bbox 431 3715 491 3800; x_wconf 80' lang='grc' dir='ltr'><em>τὴν</em></span> <span class='ocrx_word' id='word_1_257' title='bbox 512 3713 647 3806; x_wconf 79' lang='grc' dir='ltr'><em>λογικὴν</em></span> <span class='ocrx_word' id='word_1_258' title='bbox 667 3722 820 3807; x_wconf 80' lang='grc' dir='ltr'><em>μέθοδον</em></span> <span class='ocrx_word' id='word_1_259' title='bbox 844 3715 1005 3799; x_wconf 81' lang='grc' dir='ltr'><em>ἀςαύτως.</em></span> <span class='ocrx_word' id='word_1_260' title='bbox 1043 3715 1146 3790; x_wconf 80' lang='grc' dir='ltr'><em>Ἀυτὸ</em></span> <span class='ocrx_word' id='word_1_261' title='bbox 1164 3724 1248 3808; x_wconf 79' lang='grc' dir='ltr'><em>γοῦν</em></span> <span class='ocrx_word' id='word_1_262' title='bbox 1284 3763 1293 3781; x_wconf 77' lang='grc' dir='ltr'>ι</span> 
     </span>
     <span class='ocr_line' id='line_1_32' title="bbox 239 3815 1246 3918; baseline 0.003 -29"><span class='ocrx_word' id='word_1_263' title='bbox 239 3817 338 3894; x_wconf 83' lang='grc' dir='ltr'><em>τούτό</em></span> <span class='ocrx_word' id='word_1_264' title='bbox 365 3825 435 3889; x_wconf 88' lang='grc' dir='ltr'><em>ἐστι</em></span> <span class='ocrx_word' id='word_1_265' title='bbox 455 3815 494 3887; x_wconf 89' lang='grc' dir='ltr'><em>τὸ</em></span> <span class='ocrx_word' id='word_1_266' title='bbox 518 3823 575 3888; x_wconf 87' lang='grc' dir='ltr'><em>νῦν</em></span> <span class='ocrx_word' id='word_1_267' title='bbox 600 3817 813 3911; x_wconf 87' lang='grc' dir='ltr'><em>ζητούμενον,</em></span> <span class='ocrx_word' id='word_1_268' title='bbox 846 3823 907 3890; x_wconf 84' lang='grc' dir='ltr'><em>ἐίτε</em></span> <span class='ocrx_word' id='word_1_269' title='bbox 943 3825 1036 3892; x_wconf 79' lang='grc' dir='ltr'><em>πάσα</em></span> <span class='ocrx_word' id='word_1_270' title='bbox 1065 3821 1246 3918; x_wconf 85' lang='grc' dir='ltr'><em>ἀντίφασις</em></span> 
     </span>
     <span class='ocr_line' id='line_1_33' title="bbox 240 3922 1246 4020; baseline 0.001 -27"><span class='ocrx_word' id='word_1_271' title='bbox 240 3922 476 4019; x_wconf 84' lang='grc' dir='ltr'><em>ἀφωρισμένως</em></span> <span class='ocrx_word' id='word_1_272' title='bbox 498 3927 624 4016; x_wconf 83' lang='grc' dir='ltr'><em>διαιρεῖ</em></span> <span class='ocrx_word' id='word_1_273' title='bbox 644 3922 683 3992; x_wconf 87' lang='grc' dir='ltr'><em>τὸ</em></span> <span class='ocrx_word' id='word_1_274' title='bbox 706 3922 835 4009; x_wconf 82' lang='grc' dir='ltr'><em>ἀληθὲς</em></span> <span class='ocrx_word' id='word_1_275' title='bbox 860 3933 920 3994; x_wconf 85' lang='grc' dir='ltr'><em>παὶ</em></span> <span class='ocrx_word' id='word_1_276' title='bbox 941 3924 980 3995; x_wconf 86' lang='grc' dir='ltr'><em>τὸ</em></span> <span class='ocrx_word' id='word_1_277' title='bbox 1003 3930 1145 4020; x_wconf 78' lang='grc' dir='ltr'><em>ψεῦδος,</em></span> <span class='ocrx_word' id='word_1_278' title='bbox 1182 3930 1246 3996; x_wconf 83' lang='grc' dir='ltr'><em>ἐίτε</em></span> 
     </span>
     <span class='ocr_line' id='line_1_34' title="bbox 239 4024 1246 4119; baseline 0.001 -24"><span class='ocrx_word' id='word_1_279' title='bbox 239 4029 308 4098; x_wconf 81' lang='grc' dir='ltr'><em>ἔστι</em></span> <span class='ocrx_word' id='word_1_280' title='bbox 328 4035 376 4106; x_wconf 86' lang='grc' dir='ltr'><em>τὶς</em></span> <span class='ocrx_word' id='word_1_281' title='bbox 393 4033 449 4095; x_wconf 79' lang='grc' dir='ltr'><em>καί</em></span> <span class='ocrx_word' id='word_1_282' title='bbox 467 4024 628 4119; x_wconf 82' lang='grc' dir='ltr'><em>ἀορίστως</em></span> <span class='ocrx_word' id='word_1_283' title='bbox 649 4030 757 4096; x_wconf 83' lang='grc' dir='ltr'><em>ταῦτα</em></span> <span class='ocrx_word' id='word_1_284' title='bbox 778 4032 965 4116; x_wconf 79' lang='grc' dir='ltr'><em>διαιροῦσα.</em></span> <span class='ocrx_word' id='word_1_285' title='bbox 1004 4026 1246 4118; x_wconf 81' lang='grc' dir='ltr'><em>Ἑκτεινύμενον</em></span> 
     </span>
    </p>
   </div>
   <div class='ocr_carea' id='block_1_3' title="bbox 0 0 1409 4790">
    <p class='ocr_par' dir='ltr' id='par_1_8' title="bbox 0 0 1409 4790">
     <span class='ocr_line' id='line_1_35' title="bbox 0 0 1409 4790; baseline 0 0"><span class='ocrx_word' id='word_1_286' title='bbox 0 0 1409 4790; x_wconf 95' lang='lat' dir='ltr'><em> </em></span> 
     </span>
    </p>
   </div>
  </div>
 </body>
</html>
