2782 4790
254 417 316 480 144

249 585 475 702 ντειτέοτευιλιι,
497 605 535 648 το
554 577 583 646 ὂ
606 578 687 646 ἒῖνιιί
706 581 809 643 τεκαὶ
831 571 880 667 ἐφ’
904 570 982 661 ἡμῖν
1004 567 1108 650 ὁυτας
1130 567 1263 662 ἐναργές

251 693 356 767 ἐστιν,
389 683 432 765 ὡς
449 688 530 804 μηδὲ
557 678 634 760 τοὺς
659 679 703 747 τά
723 681 780 759 τῆς
808 671 1003 766 εἰμαρμένης
1033 669 1076 751 ὡς
1097 671 1264 759 ἀναγκαῖα

251 788 336 858 ττάνυ
363 784 533 906 κρατύνειν
559 778 778 902 πειρωμένους
800 782 842 859 ι5)
830 773 1073 902 )ἀντιβλέτιειν
1093 771 1266 844 δύνασθαι

253 895 332 984 τῷδε
355 917 399 982 τιι
385 885 583 976 δόγματι
612 881 783 963 Αλλάι
739 880 803 969 μὴν
825 881 857 1001 ἐι
868 882 955 946 ἐστιν
970 875 1019 998 εἰι
1041 873 1118 967 ἀμῖν
1139 903 1188 960 τι,
1210 884 1268 945 καὶ

253 997 350 1061 τοῦτο
373 998 447 1083 περὶ
474 985 580 1056 ταῦτά
606 989 692 1065 ἐστι,
725 1011 793 1076 παρ
835 977 858 1048 ἀ
892 989 947 1049 καὶ
976 1006 1035 1064 την
1070 976 1268 1070 ἑιιιαριιένην
1315 979 1320 986 ’
1356 1029 1362 1068 4

253 1100 335 1163 ε’ῖναι
363 1088 583 1181 συμβέβηκεν,
616 1087 800 1179 ἀναιρεῖται
820 1083 863 1152 τά
880 1083 939 1168 τὴν
910 1080 1163 1209 ιιίααρμένην
1179 1081 1268 1151 ἀαα-
1320 1096 1324 1102 ’

256 1191 405 1320 ράβατόν
422 1221 456 1262 τε
478 1201 533 1261 και
556 1188 723 1259 ἀκώλυτον
748 1195 804 1256 καὶ
825 1185 1006 1274 ἀναγκαῖον
1021 1190 1117 1253 ε’ῖναι·
1140 1189 1183 1254 ὡν
1200 1183 1266 1278 γὰρ

255 1297 348 1389 ἡυεῖς
366 1301 461 1386 ἐσμὲν
483 1293 582 1387 ἀρχαὶ
600 1291 740 1362 ἑλέσθαι
762 1318 796 1359 τε
819 1299 875 1359 καὶ
891 1318 953 1378 μη,
926 1315 1081 1372 ιταυτα
1103 1285 1269 1356 ἀδύνατον

255 1396 537 1487 κατηναγκάσθαι
571 1393 684 1483 λέγειν.
737 1392 912 1475 Αλλάι
866 1391 933 1483 μὴν
957 1389 1081 1492 ἀνάγκη
1113 1397 1183 1470 τοῖς
1216 1387 1270 1458 λέ·

257 1529 353 1593 γουσι
376 1502 435 1584 τὴν
459 1495 658 1622 ἑιμαρμένην
685 1501 788 1576 ἕῖναι,
824 1503 897 1588 περὶ
918 1497 1025 1563 ταῦτα
1047 1491 1201 1618 λέγειν
1168 1521 1269 1576 ειναι,

253 1613 325 1699 περὶ
337 1601 366 1673 ἀ
386 1631 443 1671 και
464 1601 509 1670 τὰ
529 1598 577 1696 ἐτι
595 1598 682 1690 ἡμῖν
719 1597 803 1667 Ειτε
822 1599 885 1692 γὰρ
904 1597 948 1665 τά
965 1596 1040 1681 τέλη
1058 1624 1145 1687 μονα
1165 1624 1271 1686 γιγνε-

255 1675 345 1778 σθαι
369 1703 491 1774 καθ’
478 1733 588 1797 ειμαρι
588 1701 675 1786 ιε’νην
697 1699 862 1790 λέγοιμεν,
893 1703 953 1770 ι’ίτε
973 1709 1028 1770 καὶ
1047 1700 1107 1780 κάς
1127 1698 1271 1792 πράξεις,

255 1811 309 1891 ἀῖς
332 1814 477 1879 ἕπεσθαι
497 1807 540 1876 τά
565 1805 641 1890 τέλη
665 1803 889 1898 συμβέβηκεν,
912 1801 1109 1900 ἀμφοτέρως
1129 1801 1271 1872 ἀκολου

257 1919 321 1983 θεῖ
334 1919 405 2010 περὶ
426 1909 468 1978 τά
493 1908 580 1979 ἀυτά
601 1907 739 1998 λεγειν
725 1917 807 1977 εῖναι
830 1935 889 2029 την
907 1905 1124 1999 ἑιιιαρμένην,
1153 1914 1226 2034 ιιερι
1248 1936 1272 1973 ιι

256 2043 311 2084 και
330 2014 373 2083 τά
393 2012 443 2108 ἐφ
468 2009 555 2103 ημῖν.
596 2010 652 2080 'Ea
671 2009 731 2102 μέν
756 2009 814 2080 ὀῦν
832 2011 892 2091 τὰς
909 2007 1040 2135 ιιράξεις
1055 2007 1173 2078 καθ’“
1157 2029 1273 2136 ειμαρ

256 2116 356 2208 μένην
376 2115 466 2242 λέιοι
492 2143 562 2198 τις,
595 2112 745 2184 ἀυτόθεν
771 2117 871 2197 δῆλον
892 2112 930 2182 τὸ
956 2131 1115 2202 κειμενον
1149 2117 1182 2182 ἑν
1206 2112 1283 2238 γὰρ.

258 2219 394 2300 ταύταις
413 2227 481 2287 εστι
493 2245 549 2286 και
563 2216 601 2285 τὸ
621 2215 669 2311 ἐφ’
690 2215 782 2307 ἡμῖν·
813 2222 893 2286 ἐιδὲ
879 2217 957 2286 ὲτά
978 2215 1054 2300 τέλη
1079 2213 1198 2306 μόνον,
1229 2207 1273 2284 ὧν

260 2330 296 2393 αἱ
322 2320 455 2416 ττράξεις
472 2317 587 2414 χάριν,
618 2318 857 2389 ἀκολουθεῖδὲ
844 2326 953 2400 ἑταῖς
970 2325 1111 2400 τοιαῖςὸε
1136 2317 1273 2411 πράξεσι

258 2426 301 2495 τά
324 2421 438 2494 τοιάὂε
468 2420 544 2506 τέλη
575 2420 626 2505 (οὐ
652 2421 716 2515 γὰρ
739 2423 779 2508 δὴ
804 2431 874 2504 τοῖς
900 2421 1045 2504 ὁαωςοάν
1070 2427 1274 2516 πραχθεῖσιν

262 2535 373 2598 ἕπεται
394 2524 515 2596 τάυτὸν
537 2521 644 2610 τέλος)
666 2524 791 2615 ἀνάγκη
810 2535 865 2594 καὶ
881 2525 939 2606 τάς
954 2523 1103 2620 πράξεις,
1125 2524 1179 2606 ἁῐς
1194 2524 1274 2594 ἀκο-

202 2649 208 2658 ’
263 2627 428 2713 λουθησει
451 2628 494 2697 τὰ
510 2632 650 2697 τοιαῦτα
676 2627 774 2714 τέλη,
803 2632 1042 2720 καθελμαρθαι
1065 2625 1179 2718 λέγειν.
1228 2628 1274 2697 Οά

229 2735 231 2740 ’
260 2734 325 2826 γὰρ
343 2727 570 2814 ἀκολουθήσει
584 2731 623 2799 τὸ
642 2730 724 2800 καθ’
744 2730 939 2828 ἑιμαρμένην
960 2730 1054 2812 τέλος
1069 2731 1115 2822 μὴ
1129 2759 1277 2825 προηγη-

197 2879 200 2886 ,
261 2833 411 2926 σαμένιον
432 2836 495 2902 τῶν
518 2837 569 2902 ἐπὶ
591 2837 689 2903 τοῦτο
711 2833 862 2924 ἀγουσῶν
886 2832 1046 2928 αράξεων·
1080 2833 1197 2903 καὶτὸ
1223 2833 1273 2930 ἐφ’

258 2936 338 3028 ἡμῖν
360 2942 394 3006 δὲ
416 2943 490 3028 περὶ
510 2939 635 3005 ταῦτα·
649 2931 724 3007 Ὅτι
748 2935 812 3066 γάρ
835 2941 904 3007 ἐστι’
926 2965 958 3007 τι
980 2936 1029 3066 ἒιιῖ
1057 2937 1152 3066 ἡμῖν,
1174 2939 1276 3021 δῆλον

261 3039 358 3111 καὶ
343 3066 377 3108 εκ
402 3037 552 3108 τῶνδε”
530 3065 571 3108 αν
598 3038 746 3130 γένοιτο,
783 3045 844 3131 ε’ἱγε
874 3046 926 3109 δεῖ
948 3044 1106 3129 περὶτῶν
1132 3044 1276 3160 ἐναργῶν

258 3142 440 3225 ἀποδείξεσι
460 3145 627 3236 χρησθαι.
661 3144 723 3213 ’Έκ
745 3173 779 3213 τε
792 3143 856 3238 γάρ
881 3172 939 3212 του
924 3147 1039 3267 μιιδὲ
1035 3171 1059 3211 ν
1074 3174 1099 3234 μ
1101 3153 1135 3213 ὲν
1151 3148 1215 3213 τῶν
1230 3149 1275 3226 ¹9)

263 3245 328 3316 ἀπὸ
358 3273 415 3329 της
440 3243 569 3338 φύσεως
586 3245 844 3370 προηγουμένως
858 3235 1065 3336 ,γιγνομένων
1093 3251 1276 3336 γίγνεσθαι

263 3346 386 3440 μάτην,
423 3351 456 3416 ἓν
481 3352 516 3416 δὲ
545 3356 614 3429 τοῖς
635 3347 870 3442 ἀνθρώποις”
852 3377 889 3420 ον
913 3351 962 3433 ²⁰)
949 3349 1026 3433 )τό
1047 3347 1277 3438 βουλεύεσθαι

263 3447 383 3544 φύσει,
412 3449 449 3519 ὃν
475 3455 510 3521 δὲ
531 3459 588 3521 καὶ
605 3455 650 3536 ²¹)
669 3449 912 3544 προηγούμενον
934 3455 1029 3545 ἔργον
1054 3456 1111 3537 τῆς
1135 3451 1277 3548 φύσεως,

164 3619 168 3624 .
264 3556 291 3624 ἔλ
315 3582 351 3642 γε
369 3549 474 3647 τούτῳ
494 3558 586 3622 δοκεῖ
602 3553 747 3679 μιλλιστα
769 3559 833 3625 τῶν
855 3555 962 3625 ἀλλων
983 3553 1070 3639 ζώων
1092 3554 1278 3684 ἄνθρωπος

263 3652 454 3751 διαφέρειν,
475 3653 583 3745 μάτην
602 3659 746 3745 γίγνεται
767 3656 1075 3746 [γεγυνὸτοςκενῶς]
1098 3659 1189 3742 ²²)
1174 3677 1202 3727 ει
1213 3687 1278 3749 μη

263 3763 361 3832 δὲν’
345 3785 380 3827 εκ
412 3760 470 3842 τῆς
499 3758 670 3844 βουλῆς
655 3787 673 3828 ο
705 3759 942 3884 βουλευόμενος
974 3760 1116 3831 ἑλέσθαι
1152 3759 1278 3855 κύριος

257 3857 424 3981 Ἀλλιλ
386 3888 450 3954 γαρ
478 3856 520 3940 ἀς
538 3862 662 3951 ἔχοντες
685 3861 804 3934 τούτου
826 3891 885 3947 την
903 3866 1050 3948 ἐξουσιαν
1067 3862 1149 3948 25)
1130 3868 1277 3952 αυτοῖιε

264 3958 314 4059 ἒφ
333 3957 445 4036 ἆντῶν
462 3961 698 4055 βουλευόμεθα
720 3975 792 4064 περὶ
813 3969 877 4040 τῶν
897 3962 1067 4060 πρακτέων
1089 3965 1228 4055 ηιιῖν,α
1206 3965 1277 4036 αλλ
