2782 4790
1078 389 1154 451 '123

149 571 280 637 testate,
323 557 400 634 (nisi
434 557 503 638 quis
531 555 607 617 velit
636 555 763 619 omnino
793 555 941 639 quicquid
974 558 1012 618 ab
1046 557 1151 640 aliquo

149 662 318 724 secundum
343 681 429 734 suam
451 671 592 722 naturam
609 658 662 733 fit,
698 657 800 720 dicere
828 681 895 720 esse
917 660 947 720 in
972 660 1036 722 eius
1059 673 1151 742 pote·
1198 672 1203 685 '

148 775 245 839 state,
271 763 418 824 inducens
440 784 555 824 novam
577 760 837 844 significationem
861 761 932 824 eius
948 765 1034 844 quod
1052 775 1098 824 est
1120 765 1150 825 in

146 877 321 948 potestate,
354 865 508 926 diversam
534 867 573 926 ab
596 885 734 947 eaquae
760 864 919 940 creditur,
956 887 1097 948 quaeque
1120 867 1150 930 iu

147 968 313 1050 anticipata
330 980 377 1029 cst
393 966 559 1048 opinione,
584 987 677 1050 quam
693 987 750 1029 nos
770 967 850 1028 hanc
865 967 1012 1044 dicimus,
1036 971 1153 1032 habere

146 1093 204 1135 nos
229 1071 405 1132 libertatem
428 1070 458 1132 in
487 1072 582 1132 rebus
616 1070 728 1153 agendi
754 1071 931 1149 contraria)
961 1085 1091 1154 apparet
1113 1095 1153 1136 ex

144 1173 404 1256 praecedentibus
429 1194 522 1255 saepe
550 1173 677 1235 anobis
697 1185 728 1233 et
746 1173 860 1234 dictum
887 1195 955 1238 esse
981 1187 1012 1236 et
1033 1178 1152 1257 proba-

145 1289 222 1338 tum.
269 1277 353 1338 Huic
379 1288 481 1339 autem
502 1276 641 1339 sermoni
669 1275 784 1339 similes
810 1290 881 1338 sunt
912 1290 943 1340 et
968 1278 1040 1353 alii,
1072 1301 1154 1362 quos

144 1383 183 1442 ad
211 1379 428 1443 defensionem
456 1379 505 1442 sui
532 1379 686 1464 dogmatis
709 1393 872 1462 promunt.
919 1381 1048 1444 Habent
1072 1383 1152 1444 enim

143 1482 287 1565 plerique
317 1485 471 1566 quandam
501 1483 582 1544 intra
608 1485 706 1544 verba
728 1496 862 1546 stantem
887 1485 1059 1569 argutiam,
1098 1489 1174 1547 sed'

144 1605 208 1648 non
226 1585 318 1648 fidem
337 1586 396 1648 sibi
419 1588 582 1648 adstruunt
605 1609 645 1648 ex
664 1587 869 1651 consonantia
888 1610 958 1650 cum
976 1591 1088 1664 rebus,
1114 1591 1151 1651 de

144 1688 258 1772 quibus
281 1709 443 1752 sermones
465 1689 517 1751 isti
539 1701 612 1751 sunt
633 1689 775 1752 instituti.

560 1792 731 1855 XXXIX.

210 1896 302 1958 Haec
327 1909 415 1970 sunt,
452 1895 634 1958 divinissimi
659 1898 891 1978 Imperatores,
931 1881 1173 1964 Aristotelicas

69 2035 76 2052 ·
146 1998 318 2062 sentcntiae
340 2001 377 2062 de
393 2001 476 2062 Fato
496 2012 527 2060 et
546 2002 583 2060 de
604 1999 749 2062 libertate
769 2001 912 2076 volendi,
936 2013 971 2066 ut
996 2025 1059 2088 ego
1085 2005 1154 2087 qui-

146 2105 216 2164 dem
243 2102 399 2177 arbitror,
438 2101 608 2183 praecipua
634 2102 753 2182 capita,
789 2106 957 2165 secundum
981 2127 1061 2186 quae
1084 2129 1156 2174 sen.

146 2204 280 2280 tientes,
312 2203 356 2286 pii
375 2205 489 2273 eriiuus‘
512 2207 662 2266 adversus
682 2207 789 2281 DeOS,
825 2207 939 2288 partim
959 2209 1076 2291 gratias
1095 2209 1171 2272 iltis,

145 2319 276 2394 agentes
298 2329 359 2389 pro
382 2308 474 2374 bonis
501 2330 581 2390 quae
604 2308 647 2370 illi
676 2308 709 2370 in
734 2331 793 2372 nos
817 2311 1002 2374 contulere:
1040 2313 1154 2392 partim

144 2422 313 2494 poscentes
331 2411 389 2473 alia
411 2413 450 2474 ab
469 2411 568 2494 ipsis,
600 2425 634 2475 ut
657 2413 710 2496 qui
733 2414 824 2476 dandi
842 2426 873 2476 et
894 2437 962 2478 non.
981 2415 1073 2477 dandi
1095 2415 1155 2477 sint

143 2513 275 2577 domini.
321 2514 447 2578 Erimus
468 2515 558 2577 etiam
583 2517 665 2600 grati
695 2519 845 2579 adversus
864 2540 924 2580 vos
947 2519 1155 2600 et-principes

143 2619 221 2680 tales
242 2618 350 2700 quales
371 2639 429 2680 vos
446 2618 539 2693 estis,
563 2620 710 2700 persuasi
725 2642 762 2683 ea
779 2643 837 2684 vos
851 2642 912 2700 pro
931 2621 1023 2683 nobis
1046 2643 1152 2704 agere,

144 2742 225 2803 quae
257 2741 297 2782 cx
330 2732 440 2784 vestro
473 2721 718 2804 proficiscuntur
745 2725 861 2786 dilectu
890 2725 1089 2804 praeferente
1125 2724 1157 2786 id

144 2825 232 2906 quod
257 2835 303 2885 est
322 2824 430 2886 melius
454 2837 484 2886 et
504 2847 611 2886 curam
634 2838 773 2888 sumente
794 2827 827 2888 id
851 2827 1055 2902 diiudicandi,
1091 2850 1154 2891 non

144 2939 247 2989 autem
271 2939 391 2989 tractos
425 2928 585 2990 antciaetis
616 2929 801 3010 quibusdam
835 2930 952 3005 causis,
992 2954 1069 3014 quas
1100 2934 1173 3000 dus

143 3035 248 3092 centes
268 3029 439 3112 sequamini
456 3030 690 3092 inevitabiliter.
738 3033 958 3112 Impendenius
978 3035 1070 3096 etiam
1091 3029 1156 3095 stu·

143 3133 228 3196 dium
251 3133 377 3207 virtuti,
416 3146 450 3195 ut
481 3133 534 3216 qui
566 3134 743 3196 libertatem
770 3136 939 3210 habemus,
979 3159 1038 3217 per
1064 3159 1156 3218 quam

143 3248 196 3298 aut
218 3236 366 3300 meliores
392 3248 446 3298 aut
465 3236 590 3317 peiores
617 3239 815 3299 evadamus(
844 3239 971 3302 Horum
998 3239 1080 3300 enim
1103 3262 1157 3302 so-

143 3339 305 3404 lummodo
332 3338 496 3421 quisquam
517 3351 548 3401 et
573 3341 739 3417 dominus,
778 3362 858 3422 quae
885 3353 915 3402 et
938 3363 1002 3403 non
1023 3341 1158 3404 faciendi

144 3441 239 3504 habet
257 3443 453 3504 libertatem:
494 3443 536 3504 Et
557 3444 616 3506 alia
635 3443 739 3508 omnia
761 3464 841 3525 quae
861 3466 931 3505 cum
951 3443 1081 3506 rationis
1101 3468 1160 3508 usu

144 3545 289 3630 agimus,
314 3546 358 3607 ita
381 3547 503 3607 demum
532 3567 627 3630 agere
650 3548 731 3609 sicut
753 3558 900 3628 oportet,
925 3547 951 3610 si
973 3568 1015 3609 ex
1030 3548 1159 3610 Aristo-

145 3648 214 3712 telis
249 3647 403 3710 sententia
439 3670 547 3710 causas
578 3633 737 3712 actionum
769 3653 962 3726 reddamus,
1008 3652 1072 3714 hoc
1112 3663 1159 3712 est

146 3752 232 3834 quod
253 3771 467 3832 peromnem
496 3753 579 3814 hune
602 3774 780 3817 sermonem
806 3767 937 3819 conatus
969 3776 1036 3818 sum
1068 3754 1159 3816 vobis

149 3857 330 3917 ostendere.
