2782 4790
1049 449 1106 510 tot

103 614 224 690 dicunt,
251 613 290 674 ad
311 609 389 674 nihil
405 610 482 684 boui
502 611 636 692 Pythius
659 611 743 677 Laio
768 615 850 680 utilis
871 615 944 680 suit.
988 617 1027 680 In
1041 616 1108 680 boc
1170 601 1173 606 ¹

103 717 181 782 enim
208 715 293 800 agit,
331 714 363 776 in
384 717 448 778 hoc
476 715 602 781 laborat
629 716 751 794 omnia,
791 739 830 781 ne
857 719 932 803 quid
953 718 1041 802 impii
1068 741 1109 785 ac

103 818 226 896 nefandi
258 820 370 884 domus
406 817 466 882 ista
506 817 649 902 effugiat.
717 820 805 901 Quae
839 822 965 886 audiens
994 822 1105 906 aliquis
1151 885 1153 890 s

103 942 205 984 nonne
239 920 339 1006 magis
367 920 451 1002 piam
475 919 590 984 dixerit
615 920 748 1002 Epicuri
774 925 957 990 sententiam
987 929 1025 990 dc
1047 926 1132 988 ίιιι-Ι
1184 950 1196 992 x

102 1023 234 1106 proviso
257 1035 369 1086 cimcta
388 1020 476 1100 fieri,
507 1045 600 1108 quam
623 1024 718 1094 talem
737 1025 992 1105 providentiam?
1014 1029 1106 1110 Quo*

103 1129 196 1191 modo
223 1148 304 1191 vero
336 1129 415 1189 baec
441 1126 524 1189 iuter
556 1148 589 1189 se
619 1131 832 1205 concordant,
867 1130 972 1194 Deion
1001 1133 1128 1206 dcere,

104 1251 167 1293 esse
198 1230 329 1307 Fatum,
368 1250 502 1314 eumque
537 1229 583 1292 uti
616 1229 653 1292 iis
686 1252 767 1312 quae
796 1245 869 1295 sunt
905 1233 1046 1318 fiuntque
1074 1236 1107 1298 in

104 1334 226 1396 Mundo
266 1335 306 1395 ad
333 1335 584 1397 conservandum
612 1345 679 1394 tum
701 1334 858 1398 Mundum
888 1334 1009 1418 ipsum,
1039 1349 1106 1401 tum

106 1457 211 1501 eorum
236 1457 316 1518 quae
341 1436 371 1500 in
397 1457 436 1499 eo
459 1447 548 1512 sunt,
582 1435 741 1512 ordinem,
774 1449 868 1520 atque
887 1437 1012 1504 interim
1034 1439 1132 1504 talia·
1181 1502 1189 1522 ,
1218 1448 1221 1462 '

106 1542 139 1614 de
157 1540 240 1603 Fato
263 1537 386 1614 dicere,
420 1538 534 1602 assumi
555 1559 667 1621 nempe
690 1540 729 1602 ab
754 1560 793 1603 eo
814 1543 854 1604 ad
876 1542 1014 1608 actiones
1040 1565 1107 1608 ma-

104 1642 182 1708 xime
199 1640 432 1717 abominandas,
459 1643 501 1704 ob
516 1641 627 1727 ingens
648 1664 726 1727 erga
747 1643 815 1706 illas
836 1644 989 1721 studium,
1014 1647 1106 1712 etiam

105 1743 252 1824 Pythium
278 1743 477 1812 adiutorem?
517 1745 571 1810 Ad
588 1767 723 1827 ¹quarum
746 1747 827 1808 enim
849 1769 955 1810 rerum
978 1771 1106 1816 consens

105 1847 259 1912 nationem
290 1846 392 1910 dicent
415 1849 529 1914 Fatum
555 1870 644 1914 usum
677 1847 775 1912 fuisse
801 1849 898 1930 patris
926 1853 1020 1914 caede
1046 1873 1105 1932 per

105 1952 198 2014 filiurn
220 1950 322 2025 facta,
348 1949 473 2013 incestis
499 1949 615 2031 nuptiis
638 1949 695 2012 filii
721 1973 791 2014 cum
810 1963 931 2029 matre,
962 1965 993 2016 et
1011 1976 1107 2038 gene-

104 2055 223 2118 ratione
245 2053 383 2120 tiliorum
405 2053 503 2134 patris
532 2053 622 2114 simul
649 2075 685 2114 ac
706 2054 843 2118 fratris?
880 2055 964 2135 Quid
991 2058 1106 2121 horum
1135 2083 1138 2090 ¹

106 2160 255 2240 estquod
274 2158 312 2218 ad
336 2155 440 2221 muudi
467 2154 727 2240 gubernationem
749 2156 836 2219 credi
856 2169 965 2238 posset
988 2158 1105 2241 aliquid

104 2262 237 2324 salutare
264 2261 409 2334 adferre,
445 2271 479 2320 ut
503 2259 595 2326 etiam
620 2258 742 2340 Apollo
765 2259 874 2322 timere
897 2263 1042 2337 deberet,
1067 2284 1106 2322 ne

105 2366 176 2448 quid
195 2385 308 2428 eorum
331 2374 471 2426 maneret
488 2361 661 2424 infectum?
698 2362 750 2428 An
770 2362 829 2426 ista
854 2363 885 2426 ni
907 2363 1117 2439 evenissent,

105 2468 356 2551 impedimentum
384 2465 417 2528 id
445 2465 584 2548 futurum
614 2465 717 2527 suerat
740 2466 901 2532 hominum
922 2466 1107 2545 habitationi
1139 2513 1141 2520 >

37 2622 40 2628 .
104 2595 159 2654 per
193 2569 312 2652 oppida
328 2580 371 2643 ‚ct
406 2589 531 2652 pagos,
578 2579 630 2630 aut
665 2568 889 2648 perpetuandis
908 2625 910 2632 .
927 2569 1104 2644 elementis,

104 2679 184 2738 unde
218 2683 343 2736 constat
374 2671 426 2733 hic
454 2672 608 2745 muudus,
648 2682 700 2733 aut
734 2670 912 2734 caelestium
935 2687 1108 2754 corporum

106 2780 268 2844 ordinatae
291 2797 328 2838 ac
348 2773 480 2858 perenni
501 2772 669 2848 rotationi,
694 2785 747 2835 aut
761 2773 852 2836 alicui
866 2795 973 2836 earum
988 2795 1106 2850 rerum,

105 2905 160 2964 per
182 2902 261 2964 quas
284 2877 504 2953 constituitur,
529 2887 581 2938 aut
602 2875 725 2946 ratione
742 2877 936 2959 gubernatur
950 2876 1107 2940 mundus?
1131 2887 1136 2896 “

63 3055 66 3064 ,
106 2986 173 3048 Pro
198 2995 288 3046 certo
312 2981 403 3044 etiam
424 2981 617 3054 habendum,
653 2977 680 3040 si
701 2977 790 3040 aliam
809 2977 949 3068 aliquam
969 2980 1107 3044 fabulam

106 3086 282 3162 audiverint
298 3107 315 3146 a
330 3080 565 3168 tragoediarum
580 3079 736 3161 scriptore
759 3079 884 3162 aliquo,
911 3081 1024 3163 quibus
1039 3092 1107 3146 mos

106 3203 152 3254 est
172 3189 248 3254 talia
268 3188 413 3271 fingere,
450 3196 526 3266 puta
555 3183 717 3255 mulierem
740 3203 820 3265 quae
843 3203 902 3264 per
925 3185 1108 3247 aemulatio„

106 3315 176 3356 nem
206 3291 370 3355 insidietur
403 3287 510 3350 alionis
538 3286 668 3362 liberis,
710 3285 877 3355 interliciat
905 3307 984 3349 vero
1013 3308 1107 3362 suos,

107 3409 161 3460 aut
181 3395 330 3461 miserum
352 3411 456 3454 senem
473 3391 645 3469 Thyestem
667 3410 799 3452 suorum
822 3387 994 3453 liberorum
1016 3410 1110 3452 carne

107 3511 298 3574 vescentem,
322 3495 426 3559 Atreo
441 3492 671 3556 scilicetfretre
687 3491 766 3554 tales
789 3489 819 3554 ei
840 3503 1010 3572 apparente
1033 3513 1110 3575 epus
1143 3498 1150 3508 “

107 3605 169 3680 las,
201 3600 379 3676 credituros
400 3597 472 3666 illos
494 3595 561 3661 istis
582 3594 697 3658 fabulis
718 3605 866 3677 tanquam
887 3596 982 3681 rebus
1004 3595 1107 3673 veris,
1145 3639 1148 3648 -

107 3719 137 3768 ct
157 3727 220 3788 per
241 3703 295 3767 illa
317 3713 534 3764 exstructuros
550 3699 663 3770 Fatum
685 3718 792 3774 suum,
817 3695 1106 3778 acprovidentiam,

107 3822 257 3892 tanquam
278 3805 311 3868 id
332 3807 485 3870 haberent
506 3800 726 3884 propositum,
765 3821 845 3882 qnae
869 3801 1031 3862 adstruunt
1053 3821 1110 3880 per

107 3933 143 3979 ea
166 3931 248 3994 <prae
261 3910 434 3982 adstruunt
455 3917 612 3970 evertere.
647 3903 749 3985 Atqui
771 3903 869 3974 multo
892 3914 959 3966 erat
981 3902 1109 3986 aequius

108 4015 190 4090 istas
204 4010 403 4080 narrationes
426 4009 555 4084 reiicere
576 4019 712 4094 propter
740 4007 858 4074 absona
879 4027 965 4088 ,quae
998 4025 1109 4074 conse,
