2782 4790
116 612 271 684 quuntur',
297 619 389 684 quam
403 613 467 665 tam
482 602 604 663 abeona
615 612 752 683 propter
766 599 835 663 illes
852 597 1047 664 narrationes
1064 595 1119 664 de*

114 707 256 768 [endere.
301 705 346 768 At
368 702 414 766 illi
435 702 657 772 absurdissima
679 725 824 787 quaeque
847 706 978 767 eredunt
1009 703 1117 786 perfa-

116 807 190 884 cile,
230 818 261 870 et
284 828 341 870 eur
361 805 492 872 rationis
516 807 555 873 sit
576 807 635 870 ista
656 807 744 884 fieri,
785 817 891 882 causas
916 809 1031 874 addere
1053 829 1121 875 non
1196 849 1199 856 ,

118 911 270 989 dubitant·

531 1203 693 1268 XXXII.

197 1309 262 1372 Sed
292 1309 329 1370 de
364 1309 412 1372 his
446 1307 534 1372 satis.
601 1308 720 1372 Sufficit
755 1307 835 1372 enim
867 1309 899 1373 in
932 1331 1054 1394 quaque
1084 1333 1120 1375 re

87 1395 89 1398 ⁵
117 1413 281 1476 ostendere
298 1400 503 1476 ¹adversariae
521 1411 692 1477 sententiae
714 1414 846 1478 absone.
892 1413 996 1496 Supra
1018 1427 1121 1485 autem

116 1515 186 1580 setis
224 1515 415 1597 explicatum
456 1515 603 1590 arbitror¹
634 1521 796 1600 quomodo
827 1516 953 1582 dicetur
976 1518 1120 1600 probitas
1179 1540 1185 1558 ’

116 1639 181 1682 esse
203 1619 235 1682 in
259 1601 320 1682 uiri
345 1618 441 1701 probi
462 1630 636 1700 potestate,
672 1643 848 1704 quanquam
878 1621 903 1684 is
930 1644 994 1684 uon
1020 1620 1122 1703 possit

114 1745 196 1786 nune
220 1744 285 1786 non
311 1744 381 1786 esse
406 1725 541 1804 probus.
586 1723 713 1794 Dicitur
732 1725 820 1813 enim
847 1726 911 1790 hoe
942 1748 1008 1788 non
1034 1727 1122 1808 quod

115 1848 197 1888 nune
225 1827 348 1906 probus
362 1812 363 1815 Ἴ
379 1838 447 1902 est,
483 1825 516 1888 id
542 1825 645 1907 ipsum
669 1847 737 1890 esse
766 1828 797 1890 in
823 1827 922 1911 ipsius
943 1841 1119 1911 potestate:

116 1929 159 2008 (id
177 1929 260 1996 enim
283 1930 430 2021 si‘esset,
465 1928 526 1996 iem
551 1930 729 1994 libertatem
754 1934 886 1995 haberet
911 1934 1002 1997 etiam
1025 1945 1066 1995 ut
1082 1932 1122 1996 sit
1171 1993 1174 1998 .

115 2054 177 2096 non
197 2028 336 2114 probus)
364 2036 420 2095 sed
439 2033 531 2117 quia,
563 2047 730 2116 antequam
753 2036 824 2098 talis
848 2037 956 2114 fieret,
984 2037 1122 2100 habebat
1149 2071 1150 2080 κ
1190 2099 1191 2107 ,

115 2135 310 2212 libertatem,
349 2157 409 2216 per
434 2121 527 2218 quam
552 2137 622 2210 talis
649 2137 740 2201 fieret
766 2139 817 2201 vel
843 2161 907 2200 non
932 2139 1043 2214 fieret,
1084 2159 1121 2200 ao

115 2242 157 2302 ob
184 2259 255 2302 eam
281 2261 376 2322 quam
401 2251 471 2301 ante
493 2240 651 2302 attulimus
674 2263 797 2306 oausam
820 2237 970 2323 ipse'sibi
993 2253 1028 2303 ut
1043 2240 1121 2303 ‚talis

114 2344 225 2418 fieret,
265 2342 440 2423 opitulator
470 2343 542 2408 fuit.
593 2345 631 2406 In
660 2343 805 2407 Deorum
836 2357 940 2411 autem
964 2355 1121 2428 potestate
1209 2399 1213 2411 .

116 2470 185 2530 non¹
207 2459 254 2508 est
286 2458 322 2506 ut
349 2445 427 2508 tales
454 2445 532 2522 sint,
572 2449 659 2531 quod
677 2450 721 2508 'et
757 2447 859 2530 ipsum
888 2471 984 2511 unum
1006 2460 1052 2511 est
1081 2469 1122 2510 ex

115 2552 150 2614 iis
182 2571 265 2633 quae
294 2549 338 2612 illi
370 2549 541 2614 obiectent.
607 2551 689 2612 Nam
723 2555 810 2633 quod
843 2552 921 2634 tales
959 2563 1053 2627 sunt,
1090 2551 1150 2619 in,

14 2721 15 2726 ,
114 2677 227 2720 eorum
253 2665 363 2716 natura
390 2652 580 2718 continetur.
626 2654 715 2733 Quae
738 2665 840 2717 autem
868 2667 940 2720 suut
970 2653 1036 2718 eius
1065 2676 1122 2738 ge«
1176 2711 1180 2714 .

115 2753 199 2822 neris
227 2778 262 2820 ea
291 2777 355 2820 non
381 2756 515 2818 suntin
541 2768 711 2838 potestate.
755 2760 948 2842 ¹Propterea
979 2758 1133 2839 ipsorum,

116 2866 202 2927 bona
223 2861 400 2924 veneranda
419 2871 501 2934 eunt
526 2872 557 2923 et
582 2862 674 2922 beata
703 2862 924 2943 appellanda„
951 2861 1023 2944 quia
1050 2861 1120 2943 plus

118 2965 235 3050 aliquid
257 2963 341 3026 inse
362 2963 480 3026 habent
504 2985 598 3046 quam
616 2984 700 3046 quae,
717 2965 883 3026 laudantur
907 2968 1010 3042 hona,
1050 2966 1123 3050 quia
1166 3035 1169 3046 ¹

90 3135 92 3138 ,
118 3070 247 3133 omnino
272 3079 384 3130 natura
404 3065 547 3149 ipsorum
581 3065 790 3148 [deterioris]
827 3089 891 3130 non
914 3081 982 3131 erat
1004 3091 1118 3150 capax.⁴

118 3177 188 3238 Nos
222 3185 325 3234 atttem
358 3173 396 3232 de
436 3172 595 3234 bonorum
628 3170 797 3251 adoptione
830 3171 1010 3249 laudemur,
1049 3174 1123 3258 quia

119 3291 189 3342 cum
224 3288 336 3338 natura
364 3285 475 3337 nostra
503 3272 595 3336 etiem
627 3259 746 3355 peioris
785 3285 853 3336 erat
888 3295 1011 3356 capax,
1058 3299 1122 3340 non

119 3401 233 3465 segnes
259 3376 375 3441 suimus
407 3379 446 3440 ed
479 3375 625 3454 meliora,
664 3377 758 3460 idque
790 3398 860 3440 oum
890 3377 1001 3459 peiora
1021 3379 1122 3443 nobis

118 3483 185 3548 sine
207 3483 326 3546 sudore
351 3491 382 3544 et
407 3481 518 3543 labore
543 3481 857 3557 edessenideantur,
896 3480 996 3544 virtus
1019 3494 1122 3546 autem
1176 3535 1182 3542 .
1229 3535 1233 3541 ,

121 3610 191 3650 eum
209 3587 321 3651 labore
348 3596 379 3650 et
393 3583 548 3651 molestiis
568 3595 599 3646 et
617 3587 733 3650 sudore
747 3583 860 3658 multo.
904 3583 1027 3646 Verum
1038 3584 1123 3648 insu-

120 3711 178 3778 per
197 3688 252 3774 qui
272 3689 483 3772 probusest‚
520 3687 616 3751 habet
638 3686 729 3748 etiam
752 3687 836 3750 circe
856 3677 996 3772 'singulas
1024 3691 1123 3755 aetio-

121 3814 264 3858 resnou
288 3792 402 3878 egendi
423 3791 616 3866 libertatem,
641 3789 792 3874 siquidem
816 3791 955 3854 actiones
974 3796 1123 3874 quasdam

124 3899 186 3962 edit
204 3897 290 3962 eirca
311 3917 365 3970 oa,
402 3883 482 3978 quae
503 3907 633 3977 possent
659 3916 691 3956 se
712 3905 743 3956 et
772 3894 862 3956 aliter
883 3896 1011 3957 hahere.
1052 3894 1123 3957 Ne·
1198 3921 1206 3930 ·

124 4023 197 4086 que.
211 4021 289 4066 vero
317 3986 729 4068 hanc-libertatemadimit
759 3999 811 4060 vel
834 3998 968 4080 Pythius
997 4000 1125 4068 oracula
