2782 4790
1069 392 1128 452 12⁷!

126 539 229 632 liunt,¹
246 569 394 642 tanquam
409 558 560 642 exsistens
578 559 609 622 in
627 560 663 622 iis
679 583 757 644 quae
780 583 820 624 ex
841 562 917 644 ipsis
940 539 1127 624 efficiuntur.

127 661 270 748 Fortuna
293 682 371 724 vcro
394 675 425 724 et
448 685 536 725 casus
559 663 590 724 in
612 664 648 725 iis
670 686 751 747 qnae
772 687 831 748 per
852 666 920 747 ipsa
941 665 1038 739 liunt,
1063 683 1128 726 non

127 763 304 826 erisistnnt:
342 765 375 826 id
397 766 477 827 enim
500 768 586 848 qnod
607 788 671 847 per*
692 769 852 830 fortunam
880 767 1028 843 efficitur,
1063 789 1129 830 non

125 868 218 928 habet
240 865 271 928 in
294 888 327 929 se
348 868 521 932 fortunam.
574 871 617 930 Εῖ
638 869 735 954 igitur
755 893 857 953 neque
879 873 1058 946 informa,
1098 879 1130 932 et

123 970 155 1031 id
177 969 253 1052 quid
275 983 343 1032 erat
364 991 433 1032 esse
455 993 565 1034 causae
578 985 659 1048 ,sunt
680 973 716 1035 iis
747 995 826 1055 quae
854 995 913 1055 per
941 975 1009 1056 ipsa
1036 974 1127 1035 fiunt.

125 1075 246 1136 Forma
275 1073 357 1136 enim
384 1073 465 1142 inest
493 1059 525 1136 in
553 1097 593 1138 eo
623 1075 709 1137 cuius
740 1099 832 1138 causa
861 1089 925 1154 est,
974 1089 1005 1140 et
1032 1077 1068 1138 lit
1096 1077 1129 1139 in

122 1176 254 1240 materia
275 1188 306 1238 et
327 1188 452 1238 manet:
481 1178 596 1242 horum
618 1191 720 1240 autem
741 1192 898 1245 neutrum.
943 1181 1051 1264 Atque
1073 1201 1128 1241 ne-

122 1299 183 1362 que
206 1301 266 1342 ceu
286 1279 356 1342 finis
379 1291 410 1342 et
432 1280 464 1343 id
486 1281 572 1342 cuius
595 1302 706 1358 causa,
731 1283 874 1346 Fortuna
896 1295 927 1346 θῖ
950 1305 1038 1345 casus
1055 1305 1128 1345 cau-

120 1404 175 1446 sae
205 1403 275 1446 esse
306 1395 458 1466 possunt:
493 1384 581 1446 Nulli
608 1363 688 1446 enini
717 1407 828 1449 eorum
853 1408 934 1468 quae
957 1385 1128 1470 gignuntur

121 1487 267 1550 Fortuna
306 1509 423 1569 scopus
455 1499 515 1550 est.
573 1488 749 1572 Unicuique
785 1489 866 1552 enim
902 1511 1012 1552 eorum
1048 1509 1128 1572 quae

120 1591 222 1666 fiunt,
264 1589 369 1654 finitus
403 1613 440 1654 ao
474 1604 579 1654 certus
611 1613 728 1674 scopus
765 1605 829 1668 est,
874 1594 989 1656 horum
1026 1604 1164 1654 autem.

121 1706 290 1776 utrumque
317 1693 511 1757 indefinitum
543 1706 602 1756 est.
658 1695 758 1778 Atqui
786 1695 813 1758 si
844 1695 875 1758 in
904 1698 989 1759 nulla
1016 1698 1128 1758 harum
1215 1759 1216 1764 ,

118 1797 215 1858 trium
238 1816 402 1859 causarum
424 1798 567 1860 Fortuna
589 1799 761 1862 consistere
782 1810 907 1880 potest,
939 1811 991 1860 aut
1012 1798 1132 1860 nullius

118 1901 168 1964 rei
190 1911 284 1962 causa
306 1912 371 1976 est,
410 1912 463 1962 aut
487 1913 578 1963 certe
600 1901 681 1964 inter
703 1902 863 1966 effectivas
885 1904 1032 1984 ponenda
1053 1900 1126 1963 erit.

118 2005 245 2066 Verum
268 2025 379 2066 causae
408 2005 572 2067 effectivae
594 2006 722 2068 alicuius
752 2005 799 2067 rei
825 2026 919 2067 causa
950 2005 1068 2068 faciunt
1090 2023 1127 2066 en

119 2128 200 2190 quae
224 2109 264 2169 ab
286 2105 361 2188 ipsis
383 2107 480 2182 finnt,
521 2119 614 2190 atque
640 2120 689 2180 est
717 2107 793 2190 ipsis
817 2120 920 2170 certus
943 2106 1068 2190 quidam
1090 2129 1128 2169 ac
1190 2159 1192 2165 Α

119 2211 265 2273 definitus
301 2210 371 2272 finis
407 2211 592 2297 propositus
606 2203 633 2287 ,'
654 2233 712 2274 cen
745 2223 856 2274 natura
892 2222 923 2272 et
954 2231 1004 2272 ars
1034 2221 1127 2293 atque

119 2313 246 2390 electio.
293 2313 356 2375 Sed
376 2313 453 2376 nihil
474 2316 589 2378 horum
616 2313 700 2377 idem
728 2337 799 2377 cnm
827 2315 957 2386 fortuna
988 2326 1020 2376 θῖ
1052 2335 1127 2377 casu

118 2429 178 2479 θεῖ.
223 2416 322 2479 Aliud
344 2416 425 2478 enim
448 2417 593 2500 quiddam
621 2429 791 2500 utrumque
811 2418 926 2481 horum
948 2438 1016 2480 esse
1037 2418 1126 2480 vide·

117 2531 171 2582 tur
200 2532 231 2582 θῖ
261 2522 299 2581 ab
327 2519 388 2583 illis
419 2513 590 2582 diversum.
646 2522 817 2584 Praeterea
847 2521 901 2582 illa
932 2521 1057 2583 definita
1089 2533 1136 2585 ao

118 2635 205 2686 certa
237 2635 331 2699 sunt,
377 2635 409 2686 et
437 2626 476 2685 ad
505 2623 639 2706 aliquam
658 2615 734 2686 rem
765 2623 922 2686 definitam
950 2644 987 2684 ac
1008 2635 1126 2684 certam

118 2729 247 2790 ducunt.
292 2728 435 2806 Fortuna
456 2749 536 2789 vero
558 2727 667 2802 varia,
698 2727 817 2790 incerta
838 2739 870 2789 et
890 2725 1041 2790 instabilis
1064 2735 1124 2787 est.

119 2829 153 2890 Si
174 2829 273 2914 igitur
302 2829 474 2912 aliquarum
499 2849 606 2892 rernm
628 2851 740 2893 causae
771 2849 839 2893 esse
866 2830 1030 2905 videntur,
1055 2823 1127 2890 'nec

120 2953 191 2994 cum
212 2932 277 2994 ulla
299 2953 340 2993 ex
362 2932 462 2994 causis
484 2932 691 3008 conveniunt,
724 2945 777 2994 aut
795 2933 918 3015 penitus
939 2931 1016 2996 nihil
1040 2943 1125 3006 sunt,

120 3046 172 3098 aut
198 3047 284 3098 certe
310 3035 388 3097 alius
414 3057 578 3097 causarum
605 3038 716 3098 modus
751 3037 948 3118 quaerendus
970 3047 1029 3097 est.
1080 3035 1127 3096 At

113 3159 156 3200 ‘ea
179 3138 285 3202 omnia
305 3159 370 3217 non
397 3159 465 3200 esse
491 3139 518 3201 si
540 3137 608 3221 quis
634 3149 769 3213 asserat,
805 3139 940 3200 absurde
965 3137 997 3198 id
1017 3137 1122 3212 saciet,

119 3263 189 3303 curn
210 3263 263 3304 res
285 3241 347 3304 sint
372 3261 451 3323 quae
477 3253 598 3303 tantum
629 3241 661 3304 in
684 3240 806 3304 entibus
823 3261 918 3322 posse
941 3243 1123 3302 creduntur.

118 3344 182 3424 Qui
196 3365 277 3408 vero
299 3356 495 3426 potestesse
514 3345 590 3406 alius
610 3356 736 3426 practer
757 3342 936 3424 praedictos
960 3363 1124 3406 causarum
1146 3346 1153 3356 '

117 3445 254 3510 modos?
290 3449 372 3510 Nam
388 3446 485 3530 igitur
505 3447 535 3509 in
556 3449 656 3510 causis
683 3447 761 3510 aliae
790 3460 861 3509 sunt
883 3467 941 3528 per
963 3467 1013 3522 se,
1046 3444 1124 3507 aliae

116 3571 174 3631 per
200 3549 368 3613 accidens?
402 3551 481 3612 Sunt
506 3550 585 3613 enirn
606 3555 758 3633 quaedam
784 3571 895 3612 causae
918 3571 1045 3642 quoque
1066 3569 1124 3631 per

116 3653 271 3716 accidens.
296 3655 335 3716 Id
349 3653 429 3715 enirn
446 3656 533 3736 quod
548 3675 659 3716 causae
676 3675 734 3735 per
750 3675 784 3720 se
800 3666 831 3716 et
845 3653 976 3735 proprie
995 3653 1124 3714 alicuius

117 3756 248 3832 accidit,
281 3778 373 3818 causa
394 3778 453 3837 per
473 3756 617 3819 accidens
639 3768 707 3833 est,
740 3769 771 3818 ct
790 3758 892 3839 ipsum
912 3756 978 3819 eins
999 3754 1123 3838 praeci-

113 3879 175 3938 pue
203 3881 240 3921 ac
264 3859 479 3941 principaliter
509 3881 601 3923 causa
627 3872 717 3934 erat,
757 3860 808 3921 cui
836 3859 900 3922 hoc
928 3858 1122 3943 contigerat.

113 3961 262 4024 Medicus
285 3962 403 4046 quippe
428 3983 528 4026 causa
546 3975 593 4026 θεῖ
611 3983 669 4046 per
691 3984 724 4026 se
748 3960 905 4038 sanitatis,
932 3963 1020 4030 albus
1044 3981 1123 4056 vero
