2758 4790
249 452 310 516 262

335 619 376 692 ὁῧ
397 625 515 706 ἕνεκεν,
549 627 606 691 καὶ
628 618 668 689 τὸ
689 615 828 708 ἀγαθὸν
863 625 971 708 (τέλος
1005 621 1070 716 γὰρ
1104 625 1257 712 γενέσεως

338 723 447 810 πάσης
468 722 554 798 τοῦτ’
577 727 668 806 ἐστι’.)
701 715 775 808 (Ο.)

272 829 308 911 8)
327 825 556 911 ποιητικὰ]
593 829 715 892 Euseb.
738 825 871 910 ποιητά.

273 933 309 1013 9)
336 929 447 1022 παρὰ
481 934 524 999 δὲ
556 928 629 1010 τὰς
663 932 795 1023 τρεῖς]
845 933 1023 998 Articulum
1058 955 1122 999 non
1156 935 1252 1000 lubet

337 1033 446 1100 Casei·

250 1137 306 1220 10)
333 1138 448 1204 ἔστιν
468 1133 605 1206 ἀίτιον
626 1138 666 1206 ἐν
686 1131 832 1217 ἆυτοῖς
854 1141 922 1205 nal
944 1133 988 1205 τὸ
1009 1139 1148 1224 τέλος]
1185 1141 1253 1206 Eu-

333 1242 402 1304 seb.
425 1239 515 1309 ἔστιν
534 1243 568 1308 ἐν
592 1236 707 1319 ἆυτοῐς
730 1236 837 1308 divion
861 1247 918 1308 καὶ
943 1246 1044 1322 τέλος.

250 1342 306 1423 11)
327 1339 542 1411 τοσούτων
562 1337 706 1411 ἆιτὶων
727 1346 877 1424 δεῖται,
900 1341 1002 1412 ἀλλὰ
1024 1340 1121 1431 τάγε
1137 1347 1254 1413 πλεί-
1295 1417 1301 1424 ,

335 1470 439 1516 στων
460 1442 655 1534 δεόμενοι]
692 1448 782 1510 Haeo
809 1449 909 1512 verba
939 1450 1052 1511 absunt
1081 1448 1114 1512 in
1140 1450 1250 1513 Hm.

336 1550 403 1615 Ald
427 1553 458 1614 l.
482 1549 515 1614 2.
538 1561 570 1614 et
591 1549 699 1615 Casei.
742 1552 905 1618 Lacunam
940 1572 982 1616 ex
1006 1550 1149 1618 Eusebio
1174 1575 1252 1638 sup-

336 1653 424 1735 plent
445 1645 541 1719 Mon.
565 1665 597 1718 et
617 1654 738 1718 Ιιοοιὶ.1

252 1755 306 1837 12)
335 1758 630 1845 Γνωριμωτὲροι
651 1749 681 1822 δ’
703 1751 771 1836 ἂν]
814 1754 867 1819 Sic
890 1757 999 1820 Lond.
1026 1778 1067 1820 ex
1092 1756 1248 1822 Eusebio.

335 1859 573 1950 Γνωριμωτὲρα
595 1855 659 1949 γὰρ
681 1855 723 1926 ἂν
744 1859 853 1922 Havn.
875 1859 1009 1923 Aldinae
1032 1871 1063 1924 et
1082 1859 1191 1926 Casei·

251 1961 307 2042 13)
334 1961 411 2027 τῶν
437 1962 687 2047 γινομένων]
726 1961 779 2024 Sic
804 1963 924 2026 Euseb.
946 1963 1024 2026 Ald.
1048 1964 1080 2028 2.
1103 1965 1251 2029 Mon.'et

335 2065 444 2130 Lond.
474 2065 538 2132 τῶν
559 2065 732 2153 εἰρημένων
756 2065 863 2130 Havn.
887 2078 918 2127 et
939 2066 1015 2130 Ald.
1044 2069 1075 2129 1.

122 2245 126 2250 Ι
251 2167 306 2247 11)
335 2163 380 2232 τὸ
401 2161 479 2234 ὑπὸ
501 2168 573 2233 τοῦ
596 2166 808 2252 τεχνίτου]
842 2169 945 2232 Abest
966 2165 1150 2235 ndinAld.
1175 2171 1207 2234 2.

250 2271 304 2349 15)
332 2265 575 2356 γινόμενον]
611 2270 719 2333 Havn.
742 2281 774 2332 et
795 2271 915 2334 Euseb.
937 2266 1118 2357 γενόμενον.

249 2374 305 2454 16)
327 2374 521 2440 ὁισκοῦον
541 2369 562 2457 ἢ
584 2367 823 2459 ἀκοντίζων]
859 2374 967 2438 Havn.
994 2388 1025 2438 et
1047 2375 1124 2444 Ald.
1144 2377 1176 2442 2.
1199 2380 1248 2445 ὃι·
1376 2425 1377 2428 =

334 2471 456 2543 στεύων
485 2471 507 2558 ἢ
536 2469 711 2558 ἀκοντίζων
745 2477 904 2543 subintell.
940 2474 1130 2566 ἅνθρωπος.
1188 2481 1249 2545 sed

333 2579 496 2663 vulgatum
525 2579 619 2641 habet
646 2578 801 2648 Eusebius
824 2601 894 2654 euni
919 2580 996 2644 Ald.
1020 2582 1052 2652 1,
1075 2593 1107 2646 et
1136 2583 1243 2648 Lond.

333 2693 368 2744 ut
390 2681 547 2746 reseratur
567 2682 607 2747 ad
628 2681 723 2756 ἐῐδος.
758 2678 831 2762 (0.)

247 2785 304 2868 17)
332 2777 379 2849 dv]
408 2777 533 2872 χάριν
567 2785 725 2868 γέγονε,
760 2785 983 2852 τουτέστιν
1009 2780 1032 2868 ἢ
1060 2782 1157 2874 τιμή
1185 2813 1246 2856 τι-

330 2886 420 2966 νος]
445 2884 497 2947 Sin
512 2885 607 2949 Mon.
627 2897 658 2948 et
671 2885 780 2948 Lund.
804 2907 845 2948 ex
864 2889 1016 2956 Eusebio.
1060 2891 1169 2977 Ham.
1192 2914 1247 2956 au·

330 3000 415 3065 tem,
447 2987 582 3052 Aldinae
611 3000 641 3052 et
667 2986 774 3059 casei,
804 2984 844 3057 ὁυ
865 2986 966 3084 χάριν
985 2989 1119 3080 γεγονός
1141 2997 1245 3074 ἐστιν,

332 3089 353 3174 ἢ
375 3086 453 3177 τιμή
475 3115 573 3170 τινος.

245 3195 301 3277 18)
329 3192 351 3274 ἢ
379 3195 438 3272 εἰς
475 3189 576 3261 Θεὸν
604 3187 793 3280 εὐσέβειά
814 3196 897 3280 τις]
935 3196 987 3260 Sic
1008 3199 1129 3262 Euseb.
1149 3201 1244 3264 Mon.

330 3296 438 3363 Casel.
466 3307 497 3361 et
515 3298 623 3361 Lond.
651 3298 744 3360 bene.
793 3297 900 3362 Havn.
928 3312 959 3363 et
986 3302 1120 3365 Aldinae
1152 3299 1174 3384 ἢ
1201 3304 1246 3379 ἐις

327 3397 417 3477 τινὸς
435 3401 583 3484 ἐυοὲβειοι
597 3441 613 3456 -
625 3399 773 3483 Bagolin.
791 3405 842 3466 vel
861 3403 1015 3466 alienius
1036 3407 1070 3465 in
1091 3405 1244 3487 aliquem

228 3491 233 3499 ⁸
327 3505 473 3588 religio,
503 3501 612 3588 le'gens
631 3501 697 3568 sine
722 3501 818 3573 dubio
840 3498 862 3588 ἢ
881 3504 925 3584 ἐές
950 3527 1023 3568 τινα
1044 3501 1132 3580 τινὸς
1156 3505 1244 3570 ἐυσέ-

325 3606 411 3689 βειιι.
451 3603 524 3684 (0.)

240 3707 295 3787 19)
317 3703 470 3773 Ὄντων
490 3706 633 3774 τοίνυν
653 3699 868 3776 τοσούτων
888 3707 965 3774 τῶν
986 3699 1154 3789 ἆιτὶων]
1192 3705 1245 3771 Sin

325 3811 446 3874 Euseb.
464 3809 570 3876 Havn.
585 3820 616 3873 et
634 3809 712 3872 Ald.
732 3809 765 3873 2.
789 3803 890 3874 ὄντων
911 3803 1023 3876 τοίνυν
1040 3806 1163 3878 τούτων
1180 3810 1244 3876 τῶν

197 3983 200 3992 ,
324 3908 437 3978 ἀιτὶων
461 3907 627 3980 τοσούτων
644 3913 753 3978 Lond.
783 3921 815 3976 et
840 3911 916 3976 Ald.
939 3916 975 3978 ,1.
1009 3910 1111 3981 ὄντων
1132 3913 1243 3984 τοίνυν

308 4011 437 4082 ,ἀιτιων
462 4014 525 4081 ’τῶν
546 4008 721 4086 τοσούτων.
765 4013 871 4080 Casei.
