2758 4790
1034 477 1105 541 ,265

103 649 160 732 11)
189 643 394 741 ιἰναφορᾶ
421 647 550 716 πᾶσιν
593 643 749 728 davole.
797 645 914 716 Ἔστι
946 646 988 713 δὲ
1021 646 1106 726 ete]

188 753 285 816 Mon
312 777 333 833 η
322 746 517 844 (ἀναφορὰ
544 751 644 818 πᾶσιν
671 747 786 830 ἆντοῖς
818 753 898 836 ἐστι.
946 745 1042 817 Ἔστι
1071 751 1108 815 δὲ

188 865 250 918 ete.
361 861 365 870 “

105 957 160 1039 18)
188 959 389 1044 γένοιτο]
416 951 470 1021 Sic
490 959 611 1024 Euseb.
633 968 664 1021 et
687 911 794 1028 Casel.
792 956 940 1046 γίνοιτο
960 958 1070 1020 Lond.

105 1061 161 1141 19)
183 1053 308 1128 θύται
340 1062 501 1146 γίνεται
540 1056 590 1150 τά
622 1085 664 1128 τε
698 1055 804 1126 κατὰ
837 1057 910 1137 τὰς
943 1061 1108 1148 τέχνας]

189 1163 242 1226 Sic
264 1165 385 1227 Euseb.
412 1164 490 1227 Ald.
515 1166 546 1228 1.
573 1175 604 1228 et
625 1165 735 1228 Lond.
776 1163 821 1227 At
847 1162 944 1228 Mon.
967 1165 1046 1226 Ald.
1073 1163 1105 1227 2.

188 1277 221 1329 et
245 1262 353 1338 Casei.
392 1260 441 1334 Ὁ.
464 1293 495 1356 γ.
513 1263 561 1332 τὰ.
578 1262 665 1332 κατὰ
687 1263 747 1344 τὰς
768 1269 882 1357 νέγνας
903 1257 1021 1343 οοιίοοο
1042 1273 1087 1332 τὲ.

105 1367 162 1448 20)
190 1373 257 1435 καὶ
277 1372 481 1454 γίνεσθαι
500 1370 594 1458 μὲν]
620 1369 730 1434 *Mon
754 1373 810 1433 καὶ
831 1368 955 1455 γίνεται
971 1370 1039 1454 μέν.

106 1471 161 1552 21)
191 1466 237 1538 οὐ
259 1469 337 1559 μὴν
359 1474 431 1554 τῆς
450 1468 673 1556 ποιούσης]
710 1474 760 1536 Ita
777 1469 924 1536 ¹Caselius
946 1472 1026 1540 bene
1044 1491 1107 1552 pro

190 1574 385 1658 reliquorum
406 1573 444 1643 οὐ
466 1579 536 1663 μέν.
561 1578 660 1641 ¹Nam
676 1573 850 1658 praecessit
874 1578 930 1640 καὶ
950 1573 1109 1660 γίνεσθαι

97 1733 103 1750 ι
187 1684 249 1764 μὲν
276 1677 362 1746 κατὰ
386 1676 478 1762 τάξιν
495 1675 585 1761 τινὰ,
614 1692 646 1743 et
674 1700 808 1762 sequens
833 1673 876 1743 τὰ
898 1679 933 1743 δὲ
954 1671 1109 1764 γινόμενα

191 1777 277 1848 κατὰ
299 1784 413 1869 τέχνην
430 1786 601 1866 respondet
620 1782 780 1869 prioribus
800 1779 846 1872 τῷ
867 1775 910 1846 τα
929 1787 990 1868 μὲν
1011 1773 1109 1872 φύσει

190 1878 343 1975 γινόμενοι
365 1897 427 1951 etc.
471 1887 544 1967 (0.)
620 1939 622 1944 .

105 1986 162 2068 22)
190 1986 263 2068 τῆς
286 1991 484 2072 γενέσεως
510 1987 642 2057 ἀυτῶν
670 1985 690 2054 ὁ
719 1986 792 2055 τοῦ
820 1987 1043 2065 ποιοῦντος
1064 1981 1109 2068 ι).

189 2095 329 2175 γοῖται
356 2096 448 2183 περὶ
478 2087 614 2160 ἀυτῶν
644 2086 869 2178 λογισμὸς]
913 2089 965 2152 sic
991 2090 1109 2173 optime

192 2193 300 2256 Havn.
324 2195 420 2259 Mon.
443 2206 475 2259 et
494 2198 604 2260 Lond.
623 2191 730 2264 ἇοτῶν
752 2193 812 2260 τοῦ
833 2193 1013 2270 ποιοῦντος·
1027 2193 1109 2278 γίνε-

191 2319 250 2362 ται
274 2308 343 2359 οιο.
364 2293 523 2364 omisso&
551 2300 629 2363 Ald.
652 2302 685 2364 1.
716 2311 748 2363 et
773 2298 893 2361 Euseb.
916 2289 1030 2373 ἄντοῖς
1051 2299 1109 2362 τοῦ

100 2436 108 2472 ·.
193 2401 369 2478 ποιοῦντος
405 2402 530 2486 γίνεται
568 2403 646 2467 Ald.
683 2403 716 2464 2.
753 2412 785 2464 et
816 2398 924 2464 Casel.
981 2398 1109 2482 Optime

101 2533 106 2540 ·
194 2500 397 2566 Schulthess:
420 2503 478 2570 der
490 2504 639 2570 Gedanne
650 2504 705 2568 des
720 2501 900 2568 etmenden
912 2501 1110 2583 gehtikrem

104 2650 108 2660 .
138 2652 144 2660 .
191 2601 367 2671 Entatehen
387 2606 441 2670 alt
461 2607 589 2670 Fttdrer
607 2626 725 2677 νονοη.
758 2603 831 2685 (Ο.)

105 2705 164 2786 23)
192 2707 335 2798 τρίτον
363 2707 406 2772 δέ
433 2707 550 2772 ἐστιν
581 2707 623 2772 ἐν
650 2711 741 2786 τοῖς
762 2703 879 2776 dreani
900 2732 971 2777 τον
992 2731 1109 2795 γινο·

98 2837 104 2846 ·
192 2810 356 2898 μένοις]
386 2809 439 2873 Sic
453 2809 575 2873 Euseb.
591 2819 622 2872 et
640 2809 736 2874 Mon.
759 2812 935 2878 verissime.
979 2812 1108 2878 Namin

94 2974 95 2984 ,
194 2911 447 2982 antecedentibus
469 2913 671 2976 enumerabat
692 2913 876 2979 Alexander
901 2919 966 2982 duo
992 2936 1110 3002 genera
1200 2911 1204 2920 ’

193 3015 259 3082 τῶν
285 3011 374 3092 τινὸς
399 3011 498 3108 χᾶρι1
522 3018 697 3101 γινομένων
728 3016 798 3080 scil.
828 3014 870 3082 τὰ
897 3013 1111 3112 κατὰφύσιν

194 3128 225 3180 et
257 3114 300 3182 τὰ
328 3116 415 3183 κατὰ
444 3115 544 3204 λόγον
571 3113 743 3206 γινόμενα,
786 3120 899 3204 quibus
935 3122 995 3186 iam
1025 3122 1110 3186 addit

97 3247 103 3258 ·
186 3229 344 3301 tanquam
366 3221 491 3284 tertium
514 3241 613 3308 genus
636 3245 678 3286 τα
705 3216 772 3288 ἀπὸ
790 3215 888 3312 τύχης
915 3230 971 3290 και
992 3220 1111 3292 τᾶντο-

167 3316 302 3408 Ιμοίτοα
335 3321 498 3440 γίνεσθαι
534 3328 780 3414 πεπιστευμένα.
851 3329 960 3390 Lond.
1007 3327 1110 3390 Male.

189 3419 387 3491 ''Enteroeir
416 3429 495 3506 {⁰¹29-
547 3427 682 3493 Α1ι1.1.
713 3429 888 3515 etBagol.
935 3425 1112 3497 ”Ἐονιν’ἑν

193 3532 265 3606 τοῖς
285 3525 403 3592 omisso
426 3528 536 3618 τρίτον
557 3530 592 3595 δὲ
613 3531 794 3598 Α1ι11ιιοο2.
819 3525 988 3600 Ἕστιν’”
948 3555 1008 3600 ουν
1028 3536 1111 3610 ταῖς.

106 3732 164 3816 et)
193 3739 261 3800 nat
282 3726 575 3820 τ’ἆντομάτον]
601 3731 691 3800 ·Α1ι1.
714 3735 746 3800 2.
768 3741 825 3805 καὶ
848 3733 915 3806 ἀπὸ
941 3733 1108 3826 cannopa-

193 3859 264 3905 τον.
299 3836 371 3917 (Ο.)
675 3851 678 3859 “
741 3851 742 3858 ’
869 3855 872 3863 ·

106 3940 167 4022 25)
193 3942 536 4028 προηγουμένως]
581 3941 634 4006 Sic
660 3941 754 4006 Mon.
786 3943 908 4007 Euseb.
940 3956 971 4010 et
996 3945 1106 4012 Lond.

191 4046 451 4131 προηγουμένων.
494 4047 630 4114 Aldinae
651 4057 683 4112 et
707 4044 813 4112 Casel.
837 4046 939 4112 Male.

247 4207 255 4242 t
