2782 4790
1037 422 1094 482 tlt

89 589 230 642 coactam
254 598 321 640 esse
343 578 424 642 inter
448 600 556 644 causas
580 579 834 649 circumstantes:
859 609 922 651 non
944 590 1016 652 lore
1038 611 1093 653 an-

88 691 149 742 tem
171 667 256 744 inter
278 700 386 744 causas
410 683 644 746 circumstantes
668 685 712 771 ei,
752 689 806 770 qui
834 711 898 753 non
926 694 1095 756 secundum
1191 765 1193 770 ¹

88 783 191 866 legem
220 796 306 867 agat.
352 783 416 866 Qui
438 805 516 849 vero
538 787 630 852 istam
651 788 767 856 hahent
789 813 931 870 causam,
970 807 1005 856 ut
1032 814 1099 858 non·

88 888 257 948 secundum
272 886 375 970 legem
391 899 503 970 agant,
529 883 669 951 evidens'
685 903 732 953 est
753 892 908 959 immerito
932 917 988 960 eos
1011 898 1094 960 vitu-

89 987 206 1068 perari.
252 988 426 1070 Quomodo
449 989 530 1053 enim
561 991 594 1053 id
615 1006 791 1070 merentur,
827 1019 897 1060 cum
918 999 1000 1062 inter
1022 1015 1096 1064 cau-
1181 1061 1193 1070 .

88 1111 135 1152 sas
169 1091 352 1156 necessario
386 1093 638 1169 circumstantes,
689 1119 768 1178 quas
803 1099 959 1180 appetitus
996 1103 1096 1167 motio

87 1215 150 1256 non
172 1205 301 1275 poterat
323 1217 391 1256 non
411 1194 516 1278 sequi,
547 1218 611 1259 non
633 1199 730 1261 suerit
752 1199 831 1284 legis
852 1185 1016 1266 'efficientia
1038 1227 1097 1287 per

90 1296 304 1360 necessitatem
327 1300 481 1380 quandam
511 1311 541 1361 et
569 1300 669 1362 fatum
699 1304 807 1365 adesse
835 1303 1018 1384 prohibita?
1054 1311 1099 1370 Et

88 1398 130 1461 sie
151 1399 224 1474 lex,
253 1399 345 1462 etiam
367 1401 394 1462 si
415 1400 476 1462 sint
500 1385 554 1484 qui
575 1423 642 1464 cam
666 1408 822 1481 condant,
862 1406 915 1468 lex
935 1409 1094 1495 nouerit,

88 1502 113 1564 si
135 1503 300 1564 dicendum
324 1501 377 1586 qui
398 1504 501 1589 legem
524 1519 714 1588 sequuntur,
739 1517 852 1590 parere
875 1509 904 1571 ei
918 1511 1096 1575 necessario

89 1617 118 1666 et
140 1605 195 1688 qni
217 1627 282 1668 nou
304 1620 438 1687 parent,
473 1629 512 1671 ne
541 1621 671 1689 pareant
700 1611 883 1674 necessitate
914 1613 1017 1698 aliqua
1038 1614 1096 1676 im-

89 1708 206 1788 pedire
247 1709 360 1792 Itaque
384 1711 482 1773 mtdto
506 1711 614 1775 verior
636 1712 695 1775 erit
711 1712 763 1776 illa
778 1715 938 1778 collectio.
984 1716 1018 1779 Si
1033 1717 1094 1778 tale

88 1822 133 1873 est
154 1813 292 1888 Fatum,
326 1813 385 1876 iam
414 1813 504 1906 'nulla
533 1825 581 1876 est
610 1816 681 1890 lex,
721 1817 844 1880 sublata
873 1828 974 1879 autem
1003 1820 1092 1903 lege,
1130 1885 1134 1894 ,

89 1925 116 1976 et
139 1914 232 1978 simul
254 1915 373 1978 delictis
396 1928 546 1998 reeteque
569 1917 662 1992 actis,
698 1941 759 1980 una
781 1919 927 1994 tolletur,
965 1921 1014 1999 (nt
1035 1922 1095 2003 ipsi

89 2029 210 2079 sumunt
233 2038 274 2079 ex
297 2017 483 2082 virationis
513 2041 582 2081 esse
606 2022 821 2103 consequens)
855 2023 954 2084 virtus
986 2035 1016 2085 et
1046 2023 1095 2086 vi-

88 2120 160 2182 tium
196 2133 228 2182 et
260 2141 328 2182 esse
357 2119 474 2204 aliquid
496 2121 686 2184 'hominibus
715 2105 882 2186 lionestum
911 2145 947 2186 ae
980 2137 1091 2207 turpe,

88 2221 241 2287 laudabile
271 2237 302 2285 et
332 2223 558 2310 vituperabile,
598 2236 629 2288 et
660 2225 804 2306 praemio
833 2236 886 2288 aut
914 2247 1019 2308 poena
1049 2228 1095 2290 di-

90 2349 196 2409 gnum.
268 2326 355 2390 Nihil
394 2349 475 2413 ergo
511 2326 570 2390 illis
611 2327 746 2390 manebit
785 2329 962 2393 confectum
1000 2351 1096 2414 argn-

88 2427 277 2492 mentatione
316 2451 356 2491 ex
392 2430 469 2492 tanti
506 2431 631 2494 artificii
673 2431 974 2515 interrogationibus
1019 2453 1101 2497 con-x

88 2545 217 2594 structa.
285 2533 381 2612 Quod
410 2533 504 2596 siah
534 2533 641 2598 mlimo
671 2532 843 2614 inceperis,
889 2547 1010 2616 premet
1039 2557 1094 2598 eos
1150 2541 1155 2564 ‘

88 2657 121 2697 ea
158 2636 402 2718 consequentia,
453 2657 514 2718 qua
547 2636 646 2717 premi
683 2637 766 2698 aiunt
802 2658 880 2712 coe,
931 2636 985 2720 qui
1017 2659 1095 2718 pro-

87 2742 159 2801 bare
195 2751 350 2802 conantur
383 2743 422 2801 ab
460 2737 537 2820 ipsis
574 2738 644 2802 tolli
679 2740 711 2801 id
756 2743 842 2822 quod
879 2753 942 2822 est¹
969 2741 1001 2802 in
1036 2763 1095 2804 uo·

86 2855 149 2904 stra
181 2825 353 2922 potestate.
419 2843 501 2904 Nam
535 2863 605 2902 cum
639 2855 747 2922 aperte
781 2844 812 2905 id
846 2843 1007 2906 latendum
1049 2844 1095 2906 di-

87 2957 177 3020 cant,
227 2943 305 3006 alios
339 2957 485 3010 aecrtsent
524 2947 611 3026 quod
648 2945 725 3007 illud
765 2947 901 3021 tollant,-
950 2967 1015 3008 non
1048 2945 1094 3006 in-

85 3031 176 3110 terim
210 3047 316 3110 vident
359 3055 392 3109 se
436 3069 475 3111 eo
511 3048 581 3129 ipso
629 3046 729 3112 teneri
764 3050 850 3129 quod
888 3050 1028 3131 effugere
1063 3071 1097 3110 se

87 3151 276 3214 existimant.
336 3153 418 3213 Nam
450 3152 477 3213 si
505 3171 569 3214 non
602 3161 674 3212 sunt
706 3149 844 3231 praemia
871 3171 931 3212 nee
952 3171 1092 3231 poenae,

86 3276 143 3317 nec
164 3252 359 3316 laudationes
382 3252 506 3336 quidem
529 3265 599 3315 sunt
629 3265 660 3314 et
693 3252 952 3345 uituperationes·
999 3253 1096 3333 Quod

87 3357 111 3419 si
132 3357 192 3422 ista
222 3379 286 3418 non
316 3367 388 3418 sunt
420 3377 479 3418 nec
510 3369 638 3436 peccata
671 3361 760 3431 saint,
799 3377 858 3418 nec
887 3368 972 3417 recte
998 3367 1094 3417 acta:

88 3463 184 3541 Quod
207 3459 234 3522 si
254 3459 313 3522 ista
336 3482 400 3523 non
423 3469 512 3534 sunt,
548 3482 607 3522 nec
629 3460 728 3522 virtus
751 3480 809 3521 nec
832 3457 954 3521 vitium.
1000 3458 1097 3538 Quod
1142 3448 1144 3452 ¹

86 3565 110 3625 si
132 3564 193 3626 ista
217 3583 280 3624 non
315 3574 404 3637 stant,
445 3561 550 3622 dieunt
582 3561 642 3642 ipsi
671 3583 709 3624 ne
738 3562 825 3624 Deos
860 3559 985 3644 quidem
1014 3582 1095 3624 esse.

89 3668 132 3728 At
154 3667 233 3729 illud
255 3664 389 3746 primum
412 3665 496 3732 nulla
522 3686 589 3726 esse
617 3663 756 3745 praemia
785 3665 947 3747 nullasque
976 3686 1096 3744 poenas

86 3771 230 3853 sequitur
259 3789 299 3830 ex
333 3789 372 3831 eo
406 3770 492 3850 quod
522 3779 632 3829 cuncta
655 3768 736 3830 Fato
765 3767 835 3828 fieri
862 3767 1024 3841 dicantur,
1061 3778 1096 3862 ut

88 3875 335 3938 demonstratum
370 3882 428 3933 est.
495 3871 602 3950 Quare
638 3869 715 3932 illud
752 3869 893 3933 ultimum
930 3884 964 3940 ut
982 3873 985 3881 “
1002 3873 1094 3939 ahso-
