2804 4786
958 411 965 428 ·
1069 375 1132 440 329

127 561 182 642 24)
207 553 229 639 ἢ
250 551 296 624 δι’
322 552 511 645 ὀνείρων]
546 549 622 615 Ald.
646 545 669 630 ἢ
690 545 885 639 διἰὀντιῗρων
906 551 1010 616 τινῶν,

128 663 183 743 25)
212 660 335 728 τοῦτο
372 651 604 736 συστῆσαι]
630 653 827 735 συστῆσαι,
860 656 946 736 quod
968 655 1076 716 aberat
1096 652 1129 718 in

212 762 298 829 cod.
327 763 437 826 Havn.
470 758 572 822 addidi
600 779 640 820 ex
663 756 788 819 Aldina.
835 758 878 819 Et
901 757 1049 832 omnine,
1088 779 1127 821 ne

211 863 363 930 sententia
383 862 439 928 fiat
459 883 568 924 manea
590 872 621 923 et
641 860 825 942 imperfecta
847 861 1054 942 supplendum
1076 861 1128 923 vel

133 1009 137 1016 ·
213 971 393 1050 συστῆσαι,
415 965 469 1029 vel
490 967 577 1049 quod
598 963 716 1027 mavult
734 962 902 1038 Blochius,
927 965 986 1044 dae„
1016 991 1037 1031 ι.
1059 963 1132 1046 (Ο.)

129 1073 185 1154 26)
210 1067 386 1159 Ὁρῶμεν
405 1065 485 1159 γὰρ
507 1060 561 1133 ὅτι
583 1053 675 1134 sitite
704 1062 749 1131 τὸ
770 1065 869 1154 πῦρ]
913 1063 1011 1131 Cons.
1034 1067 1129 1131 Libn.

114 1207 137 1236 ·.
174 1219 177 1228 ,
217 1177 255 1238 de
277 1175 361 1237 Fato
384 1169 467 1256 Cap.
490 1172 555 1235 IX.
600 1170 675 1251 (Ο.)
1227 1173 1232 1183 “

130 1280 185 1361 27)
213 1270 391 1366 μένοντά
411 1300 453 1361 γε
475 1270 610 1342 aava&
631 1264 655 1338 ii
676 1273 810 1355 ἐστιν]
845 1273 897 1337 Sic
919 1276 1036 1366 optime
1059 1299 1132 1340 eon-

216 1380 301 1446 rexit
322 1378 487 1448 Bloehins.
511 1376 596 1442 Cod.
619 1375 729 1440 Havn.
753 1389 785 1440 et
806 1375 939 1440 Aldinae
959 1375 1134 1466 μένοντάγε

138 1493 141 1500 ’
218 1481 330 1552 ταυτόι
356 1486 453 1550 ἐστιν.
480 1475 504 1548 d
533 1483 717 1564 absorptum
740 1481 941 1544 ali-extrema
962 1481 1066 1544 littera
1087 1485 1134 1544 V.

219 1582 335 1655 ταυτιὶ.
379 1586 452 1666 (Ο.)

134 1693 192 1774 28)
219 1691 346 1773 τοῦτο
374 1689 588 1776 ἐνδέχεται
615 1692 774 1755 auditu
802 1689 887 1770 etc.]
932 1687 1017 1755 Ante
1038 1689 1136 1756 τοῦτο

218 1793 343 1858 videtur
365 1791 483 1876 aliquid
504 1794 625 1854 deesse.
657 1791 802 1868 (Bloch.)
846 1790 954 1872 Quid?
982 1793 1009 1856 si
1029 1805 1133 1858 totum

217 1897 324 1964 locum
344 1897 388 1959 ita
408 1895 550 1980 legamus
564 1883 731 1960 Ἕκαστσν
749 1889 816 1982 γὰρ
836 1889 960 1975 ἀυτῶν,
997 1891 1068 1962 δῖον
1096 1893 1140 1961 τὰ

220 1995 432 2084 ἀντικείμενα,
452 1992 569 2084 πάσχει
595 2019 630 2061 τε
657 2002 713 2062 καλ
739 1991 802 2082 μὴ,
851 1999 950 2064 τοῦτο
979 1999 1139 2086 ἐνδέχεται

192 2103 196 2116 “
220 2105 346 2168 παθεῖν
367 2123 401 2164 τε
422 2105 478 2164 καὶ
497 2096 543 2184 μὴ
564 2101 699 2166 παθεῖν’.
719 2097 992 2184 Unumquodque
1006 2121 1136 2180 eorum,

217 2203 341 2288 qualia
362 2185 523 2282 dppotita
549 2221 669 2265 earum
695 2203 773 2282 pati
804 2208 945 2281 possunt
973 2201 1024 2263 vel
1052 2221 1139 2281 non,

216 2301 307 2366 talia
326 2311 359 2366 et
379 2303 491 2382 ipsum
510 2303 589 2382 pati
605 2310 716 2382 potest
737 2299 788 2364 vel
814 2319 881 2361 nnn
901 2309 1021 2380 potest.
1065 2301 1138 2381 (Ο.)

223 2404 293 2465 Imo
315 2423 376 2484 pro
398 2401 497 2467 τοῦτο
518 2402 685 2484 legendum
714 2421 783 2464 esse
808 2402 957 2466 τουτέστι
979 2400 1077 2485 liquet
1097 2426 1138 2466 ex

222 2505 395 2587 interprete
416 2503 547 2567 Latino.
592 2504 704 2584 (casp
731 2505 850 2578 Orell.)

139 2610 193 2688 29)
221 2609 274 2700 τῷ
295 2604 404 2674 κατὰ
424 2604 697 2696 προαίρεσιν]
734 2602 810 2666 ΑΜ
833 2603 897 2670 τῶν
918 2603 1004 2672 κατὰ
1024 2610 1141 2698 προσί-

148 2739 152 2746 ’
226 2733 325 2798 peden.
368 2711 470 2775 Male.

140 2814 196 2894 30)
225 2809 548 2880 &tendandum
569 2807 674 2901 γὰρ]
707 2823 760 2873 aut
781 2813 948 2898 legendum
970 2809 1142 2884 διακόπτε

151 2953 155 2962 ·
226 2941 300 2995 ται,
322 2929 392 2994 aut,
417 2917 504 2999 quod
526 2913 624 2999 magis
647 2915 750 2997 placet
763 2927 839 2998 post
853 2911 1011 2995 πολλάκις
1026 2921 1142 2984 adden-

225 3023 298 3084 dum
320 3022 453 3111 πέφυκε.
497 3017 571 3098 (O.)

142 3125 197 3203 31)
226 3119 508 3198 σιιιιιστᾶσαιι]
554 3121 607 3184 Sic
628 3119 705 3184 Ald.
728 3133 826 3184 necte.
851 3119 936 3186 Cod.
954 3123 1060 3187 Havn.
1086 3149 1143 3194 on.

143 3313 235 3410 32)
221 3246 365 3404 ἓξὲξ.
381 3323 478 3412 γὰρ]
505 3327 588 3390 Vide
610 3327 705 3391 Libn.
729 3329 767 3391 de
789 3326 937 3394 Fatoc.
961 3330 1025 3395 VI.
1069 3332 1143 3414 (Ο.)

144 3441 199 3521 33)
226 3440 305 3506 τῶν
323 3443 396 3526 μὲν
416 3435 493 3526 γὰρ
516 3433 739 3529 ἁψιίιάχων
761 3451 822 3502 ete.
832 3440 846 3521 ]
870 3438 998 3506 Cumin
1015 3441 1144 3509 Codicis

230 3543 339 3606 Havn.
363 3539 505 3626 margine
528 3553 559 3603 et
581 3541 715 3605 editione
738 3543 852 3606 Aldina
873 3546 980 3628 paullo
1002 3560 1076 3630 post
1096 3571 1146 3612 se·

154 3693 156 3698 .
231 3657 345 3729 quatur
374 3637 456 3722 ἁύτη
485 3639 548 3730 jein
575 3643 749 3732 ιἰμτιριιὲνη
773 3671 805 3711 τε
828 3651 883 3712 καὶ
904 3672 1006 3738 ιριισις
1027 3645 1146 3728 liventi,

160 3770 164 3780 ’
232 3747 383 3812 Bloclnius
418 3758 448 3810 et
477 3744 527 3808 hic
561 3746 758 3810 scribendum
788 3751 906 3813 censuit
937 3753 981 3840 τῷ
1001 3759 1041 3838 μὲ
1044 3776 1060 3818 ν
1080 3750 1145 3842 γὰρ

231 3847 391 3942 ἁψιιιάχῳ
421 3856 474 3914 καὶ
508 3843 735 3940 φιλοκινδύνῳ.
790 3852 851 3914 Sed
886 3854 972 3917 nolui
1004 3856 1146 3938 equidem

230 3955 392 4038 vulgatam
418 3965 537 4016 mutare
565 3951 670 4020 invitis
694 3952 800 4020 Codd.
824 3975 915 4040 quam
944 3969 973 4022 et
996 3958 1146 4031 Caninius
