2758 4790
187 305 195 324 ’
256 351 341 458 'ato

275 575 352 622 CAV·
747 605 749 610 ν

274 651 449 730 xxwtt.
492 651 665 728 Ηοπιίηω
686 656 826 728 aarum
845 677 914 730 esre
936 657 1112 730 animatum
1139 660 1267 730 nturi·

265 825 270 836 ,
402 781 506 835 mum,
529 756 682 844 siquidem
700 759 798 856 malus
817 781 858 832 ox
879 761 1063 833 necentur
1081 761 1133 832 tit.

275 863 412 942 XXIX·
455 862 625 960 Posterior
639 863 821 948 responsio.
864 864 967 934 nem
985 886 1060 944 eos,
1085 865 1143 951 qud
1160 887 1199 934 ex
1217 868 1267 936 lu·

402 965 520 1033 uiribus
541 967 662 1048 fluunt,
691 989 818 1038 munere
839 967 1065 1056 innascente.
1144 1037 1148 1044 ,

221 1077 224 1084 '
276 1072 400 1143 XXX„
439 1072 494 1134 Ex
514 1069 577 1134 Dei
594 1072 801 1154 praescientia
821 1075 1050 1172 nonconcludi
1066 1073 1269 1142 necessitatem

404 1185 593 1249 eventuuma
616 1175 736 1260 quippe
750 1177 982 1264 contingentia,
1005 1177 1033 1248 si
1049 1178 1268 1266 praesciantur.

402 1278 571 1362 praenosci
602 1289 638 1341 ut
666 1280 898 1370 contingentia,
920 1265 1001 1352 'uon
1030 1295 1065 1348 ut
1101 1281 1269 1356 necessario

402 1381 522 1447 futura.
1081 1383 1083 1390 ’

277 1488 415 1566 XXXI,
458 1486 618 1555 vaticinia
640 1493 671 1560 et
693 1488 822 1558 oracula
838 1482 948 1558 causus
969 1510 1177 1566 essenorum,
1199 1509 1272 1572 quae

403 1589 621 1674 praedixerint
641 1591 767 1670 sunna,
797 1593 932 1662 absurde
954 1605 987 1658 et
1008 1593 1105 1677 impie
1123 1592 1269 1660 statuitur.
1352 1599 1353 1604 ’

278 1695 434 1771 XXXII,
477 1694 666 1766 Revertittm
698 1698 756 1767 ad,
772 1700 1012 1780 praecedentem
1049 1696 1269 1772 obiectioneru.

406 1810 438 1863 et
457 1797 573 1882 repetit
593 1800 634 1863 ad
653 1800 892 1882 responsionem
912 1800 1082 1884 duplicem.

280 1904 453 1980 XXXIII.
497 1902 672 1988 Regeritur
700 1904 910 1972 asserentibus
941 1905 1124 1970 libertatem
1148 1923 1189 1970 ex
1210 1921 1270 1970 tuo·

407 2007 494 2079 tione
509 2005 689 2078 animalium
698 2011 868 2077 secuudum
876 2007 1063 2092 appetitum.
1088 2009 1269 2080 Nouomne.
1352 2001 1353 2018 ¹

407 2112 493 2196 quod
508 2131 549 2174 ex
565 2110 705 2193 appetitu
719 2111 773 2190 fit,
799 2133 868 2177 esse
881 2113 913 2176 in
930 2122 1091 2196 potestate
1105 2122 1223 2180 nostra.

279 2218 450 2288 XXXIV.
494 2213 653 2284 Peccandi
686 2227 717 2280 et
743 2228 831 2286 recte
861 2216 995 2303 agendi,
1037 2218 1123 2282 unde
1155 2214 1219 2282 laus
1246 2219 1272 2275 et

177 2335 188 2344 ·
407 2319 616 2402 vituperium,
665 2319 820 2403 supplicia
852 2331 884 2388 et
910 2318 1069 2404 praemia,
1111 2314 1272 2384 ostenditur

407 2443 489 2508 quae
510 2421 550 2492 sit
571 2443 649 2488 vera
668 2423 766 2492 ratio.

282 2529 437 2600 XXXV.
480 2526 588 2612 Souite
612 2527 771 2604 adhibito,
809 2538 946 2614 arguunt
973 2522 1148 2592 adversarii
1176 2519 1272 2608 posito

408 2633 492 2698 Fato
513 2652 578 2696 non
600 2629 670 2696 tolli
692 2631 845 2715 supplicia
866 2643 897 2695 et
918 2632 1040 2698 laudes.

140 2741 152 2763 s
281 2736 452 2807 xxxvl.
495 2734 788 2819 Interrogationum
809 2735 951 2800 cumulus
973 2731 1151 2810 excutitur,
1183 2727 1271 2828 didit·

407 2850 461 2902 tut·
491 2835 654 2901 infirmatis
697 2837 942 2924 consequentiis.
1002 2839 1205 2902 Excusantur
1232 2831 1272 2894 in·

408 2941 523 3019 terim,
547 2941 574 3007 si
596 2943 678 3008 Fato
701 2942 804 3016 coacti
824 2942 868 3006 ita
891 2941 1057 3006 deserant.

284 3046 474 3138 XXXVII.
519 3045 631 3112 Altera
659 3045 889 3132 argumentatio
920 3065 962 3109 ex
997 3046 1104 3109 eadem
1130 3041 1273 3126 palaestra

408 3148 564 3216 refellitur
586 3162 617 3213 et
634 3154 790 3233 probatur
812 3160 946 3224 eontra,
979 3147 1087 3231 posito
1108 3147 1190 3210 Fato
1213 3135 1273 3206 tolli

407 3251 619 3336 prudentiam.
943 3291 946 3299 s

282 3358 491 3428 XXXVIII.
535 3356 694 3442 Epilogus
717 3367 749 3420 et
769 3353 840 3420 finis
862 3352 1180 3440 argumentationum.

286 3463 456 3531 XXXIX.
500 3457 686 3543 Alloquium
704 3461 743 3524 ad
757 3459 971 3542 Imperatores
987 3467 1019 3520 et
1032 3453 1193 3521 conclusio
1205 3467 1273 3532 ope·

410 3563 475 3642 ris,
499 3585 561 3648 qua
571 3561 713 3626 breviter
727 3561 847 3639 innuit,
872 3572 1021 3645 quantam
1035 3557 1098 3624 vim
1115 3559 1225 3622 haheat
1238 3551 1272 3614 ad

412 3687 536 3735 omnem
554 3665 700 3730 virtutem
716 3661 897 3731 Aristotelis
916 3662 954 3728 do
969 3665 1051 3730 Fato
1075 3661 1197 3747 opinio·
1317 3673 1320 3682 ’

601 3909 961 3948 ψι-
