2782 4790
190 449 198 464 ·
233 420 295 488 164

236 594 348 680 τάξιν,
371 588 445 662 δῦτε
465 587 541 669 τοῦς
562 586 668 668 θεοὺς
686 584 820 675 ἐν’λομον
841 584 862 670 ἡ
884 585 1012 675 ἀγνοεῖν
1030 577 1113 676 άπερ
1137 577 1246 676 παρά

145 769 147 776 ,
193 685 195 691 1
236 723 369 788 νουσιν,
402 683 493 779 ἡάίς
513 717 606 771 τινας
627 687 854 784 άιμερεπόνους
877 694 1110 781 κατολιγωρείν
1134 689 1200 770 τῆς
1212 711 1248 753 τε

236 799 384 892 γνώσεως
409 795 516 918 άυτιῦν
540 802 596 864 καί
618 797 676 878 τῆς
697 789 952 881 διακοσμήσεως.
1006 790 1054 859 Τὸ
1074 790 1139 886 γάρ
1164 788 1248 859 ῦπο-

239 901 421 996 λαμβάνειν
448 895 493 979 ὡς
524 894 648 992 ἐργώδη
678 923 714 964 τε
746 903 802 964 καὶ
832 892 976 984 ἄσχολον
1003 897 1159 984 ποιοῦμεν
1189 891 1250 960 τὸν

238 1013 303 1077 τῶν
324 1007 416 1092 θεῶν
434 1003 525 1091 βίον,
547 1007 603 1070 καὶ
623 999 764 1092 άμοιρον
783 1001 842 1083 τῆς
865 1005 936 1080 τοῖς
955 1005 1054 1079 θεοῖς
1067 992 1250 1090 προςηκοῦ

239 1135 299 1194 σης
327 1110 493 1202 ἔμφρονος
524 1099 712 1195 ῥαστάνης
714 1108 787 1187 ἐ),
824 1107 1055 1225 ἐπιμελεῖσθαι
1081 1105 1144 1170 τῶν
1162 1097 1251 1170 κατὰ

239 1219 339 1306 μέρος
360 1207 481 1288 άυτοῦς
502 1203 765 1303 ἀποφαινόμενοι
778 1204 889 1290 2)‚
849 1235 896 1296 μη
910 1201 1162 1298 συνεωρακότων
1179 1209 1250 1273 ἐστὶ

231 1316 300 1399 Ιτὴν
317 1310 478 1436 ὑπεροχὴν
498 1314 557 1394 τῆς
580 1312 644 1381 τῶν
664 1311 756 1379 θεῶν
777 1306 924 1398 γνάσειάς
948 1336 982 1378 τε
1004 1317 1060 1378 καὶ
1083 1305 1250 1428 δυνάμεως

238 1418 322 1510 πρὸς
357 1415 417 1499 τὴν
451 1410 632 1508 ἡμετέραν,
685 1421 741 1481 καὶ
776 1411 833 1482 διά
862 1411 921 1496 τὴν
953 1412 1094 1502 άμνοιοιν
1125 1409 1251 1496 ταύτην

238 1515 460 1606 άξιοῦντων’
445 1543 479 1585 ειι
511 1520 575 1585 τιῖν
584 1513 730 1608 ’περὶε
711 1519 826 1644 ημμίς
839 1507 882 1584 τὰ
914 1515 1002 1584 κατά
1035 1514 1112 1596 τοὺς
1144 1516 1251 1597 θεοὺς

240 1624 496 1712 σταθμᾶσθαι,
519 1626 575 1688 καλ
591 1617 651 1702 τὴν
668 1617 829 1709 ἡμετέραν
847 1616 1029 1690 ἀσθένειαν
1046 1617 1091 1688 έπ
1113 1621 1253 1702 ἐκείνους

140 1724 143 1728 ’
239 1730 456 1820 μεταφέρειν·
494 1719 536 1802 ὡς
564 1725 624 1790 τοῦ
649 1731 710 1812 μέν
736 1727 900 1810 βασιλέως
916 1719 1011 1807 ἡλίου
1032 1724 1091 1808 2τι)
1117 1718 1253 1794 άπαντα

207 1885 210 1891 ,
237 1823 313 1920 ἅμα
334 1826 378 1896 τά
396 1831 430 1896 έν
446 1829 493 1921 τῷ
513 1822 626 1919 κόσμῳ
652 1823 879 1915 καταλάμπειν
900 1830 1082 1917 δυναμένου
1103 1826 1201 1912 (πλὴν
1224 1833 1253 1898 έι

239 1928 286 2023 μὴ
303 1954 392 2001 τισιν
410 1923 671 2052 ἆντιφράττμιτό
692 1932 722 2011 5)
742 1934 824 1997 ποτέ
835 1955 912 1998 τινα
930 1932 994 1999 τῶν
1014 1930 1060 2021 μὴ
1079 1935 1254 2023 διαφανῶν

242 2033 331 2104 ἀλλά
352 2036 489 2125 στερεῶν
511 2029 690 2121 σωμάτων)
712 2035 771 2116 τῆς
788 2030 865 2100 δέ’
845 2030 1025 2156 ασμμάτου
1045 2041 1101 2103 καλ
1126 2031 1253 2105 παντά-

242 2163 344 2209 πασιν
362 2132 467 2206 άῦλον
485 2139 549 2205 τῶν
565 2138 659 2205 θεῶν
676 2131 845 2258 δυνάμεως
861 2162 901 2205 ον
888 2133 1139 2227 δυναμένης’
1119 2161 1254 2233 σπαρα-

240 2244 403 2321 ποδίστως
435 2267 469 2308 τε
501 2246 557 2307 καὶ
585 2234 768 2332 άθρόως’
753 2231 879 2311 άπαοιν
906 2232 979 2330 άμα
1001 2248 1155 2333 παρεῖναι
1183 2247 1255 2322 τοίς

241 2343 354 2427 ὄῦσιν,
376 2340 543 2424 οῦδενὸς’
524 2338 758 2465 αντιιρράττειν
778 2338 861 2438 άντμ
846 2344 1073 2434 δυναμένου,
1095 2343 1236 2429 πλὴν
1195 2371 1255 2429 της

241 2445 402 2570 ἡμετέρας
416 2442 721 2570 άμεπιτηδειότητος
737 2450 804 2530 5ε)·
827 2415 952 2515 άῦδέ’
914 2473 989 2516 τοτε
1003 2473 1068 2516 κατ
1062 2445 1256 2533 άλὴθειαν

242 2555 301 2637 τῆς
329 2552 501 2646 προνοίας
513 2552 577 2618 τῶν
608 2551 700 2638 θεῶν
726 2547 1055 2673 πμραποδιζομίνης,
1099 2548 1138 2621 οὐ
1169 2550 1255 2647 πρὸς

243 2655 303 2740 τὴν
332 2655 478 2780 γνῶσιν
472 2654 536 2721 τῶν
563 2649 691 2721 καθ’
672 2647 780 2742 ἡμᾶς,
815 2649 945 2747 ἡπρὸς
963 2651 1024 2738 τὴν
1049 2650 1255 2742 ἐπιμέλειαν,

244 2756 368 2828 6666‘
349 2759 441 2847 ημιῦν
458 2753 566 2825 ἆντιῦν
582 2753 800 2848 παραπλήσια
818 2752 1012 2846 πασχόντων
1034 2763 1104 2838 τοῖς
1124 2755 1190 2827 ὑπὸ
1212 2757 1253 2827 τὸ

245 2859 374 2958 φῶςτὸ
393 2856 530 2944 ἡλιακὸν
550 2856 793 2943 καθεύδουσιν,
824 2856 919 2944 ἡκαὶ
940 2857 1091 2950 μύουσιν.
1111 2853 1257 2957 ,Ὥςπερ

245 2965 310 3092 γὰρ
339 2967 454 3033 ἐκεῖνοι
478 2965 537 3047 τῆς
550 2972 623 3052 ,μέν
646 2961 858 3057 θερμότητος
882 2965 941 3048 τὴς
969 2961 1036 3033 άπὸ
1069 2967 1130 3034 τοῦ
1158 2963 1256 3049 ἡλίου

246 3075 317 3148 τοῖς
334 3069 407 3164 τῇδε
429 3063 651 3160 παρεχομένης
667 3063 887 3157 τυγχάνουσι,
915 3075 1031 3152 της
995 3072 1031 3138 δ
1053 3073 1257 3164 φωτιστικὴς

248 3170 352 3242 ἄντοῦ
377 3167 576 3260 δυνάμεως
560 3169 698 3250 εαντοῦς
722 3168 944 3263 ἀποστεροῦσι
969 3170 1027 3240 διά
1048 3171 1107 3256 τὴν
1132 3171 1259 3244 οἰκείαν

248 3272 391 3370 άίρεσιν,
422 3271 510 3342 ἀλλὰ
534 3271 572 3342 οὐ
596 3257 654 3341 διά
674 3299 750 3343 τινα
778 3275 838 3341 τοῦ
862 3276 951 3363 θεοῦ
976 3277 1074 3365 μῆνιν
1096 3274 1260 3346 άυαστέλ-

249 3374 409 3458 λοντος’
389 3405 437 3446 απ
469 3373 593 3446 ἀντῶν
606 3373 667 3455 τάς
690 3374 812 3456 οικείας
840 3371 995 3459 άντῖνας,
1037 3375 1123 3448 ὁῦτω
1144 3387 1200 3448 καλ
1226 3387 1262 3449 οἱ

249 3478 307 3550 διά
323 3484 605 3604 τινακακοζωίαν
626 3479 684 3562 ἔξω
707 3482 765 3562 τῆς
785 3480 943 3572 προνοίας
961 3483 1025 3549 τῶν
1045 3483 1137 3552 θοῦν
1163 3481 1261 3572 λεγό-

248 3609 340 3675 μενοι
368 3585 516 3666 πίπτειν,
552 3580 591 3650 οῦ
622 3578 832 3653 παντάπασίν
857 3582 986 3655 ἐισιν’
966 3587 1068 3668 αοτῆς
1096 3586 1261 3670 ἔξω.ου

248 3687 325 3812 γάρ
336 3685 377 3754 ἂν
395 3682 524 3774 γένοιτό
546 3711 612 3767 τις,
642 3677 721 3779 ὅπερ
743 3695 845 3782 φησίν
867 3683 885 3754 6
908 3692 1088 3771 Αθηναῖος
1105 3686 1195 3773 ξένος
1217 3685 1261 3775 4),

247 3819 269 3875 η
287 3815 373 3858 ουτω
402 3786 559 3910 σμικρὸς,
588 3780 665 3869 άίςτε
687 3789 831 3910 καταδὺς
852 3795 897 3871 έις
919 3789 958 3859 τὸ
978 3789 1096 3880 βάθος
1118 3795 1176 3877 τὴς
1196 3797 1261 3882 γῆς

250 3899 373 3963 λαθεῖν
395 3889 453 3973 τὴν
476 3883 626 3959 ἅπαντα
621 3900 692 3960 καλ
716 3891 759 3960 τά
786 3891 993 4018 σμικρότατα
1015 3894 1261 3966 έποπτεῦονσαν

201 4027 206 4034 ·
242 3993 447 4088 Ιπρόνοιαν,
444 3987 575 4062 0652‘
560 3993 645 4065 ούτω
666 3993 793 4085 μέγας
791 4001 836 4080 5,)
873 3991 950 4077 ίίςτε
976 3997 1179 4104 ὑπερπτῆναι
1201 3999 1261 4070 τὸν
