2782 4790
255 418 316 482 10⁶

249 557 410 674 γούμενον
436 580 478 664 6.)
522 581 626 652 Διὸ
610 609 643 652 εν
675 587 749 662 ταῖς
777 581 858 652 καθ’
863 582 999 682 ὁρμήν
1027 586 1200 678 ἐνεργείαις
1221 584 1261 654 τό

253 684 303 782 ἐφ
326 683 424 774 ἡμῖν,
446 682 484 755 ού
505 685 581 808 μήν
591 685 650 758 διὰ
672 689 770 755 τοῦτο
790 675 885 756 πᾶσα
898 684 1014 758 καθ’
998 686 1102 779 ορμήν
1120 690 1263 780 ἐνέργεια

128 861 142 890 0
185 807 190 816 '
252 795 406 880 γινομένη
428 787 467 858 τὸ
489 787 538 884 ἐφ
561 785 639 880 ήμῖν
661 790 735 882 ἔχει.

753 1005 796 1080 ἡ

317 1317 397 1396 Πῶς
418 1311 447 1384 δ’
471 1313 531 1384 οῦκ
544 1309 751 1402 ἀγνοούντων
765 1311 874 1408 τάύφ’
892 1313 1000 1386 άυτών
1010 1312 1166 1406 γινόμενα
1182 1319 1208 1398 ¹)
1224 1314 1263 1385 τό

256 1421 296 1516 τῇ
328 1417 477 1512 ἀληθείᾳ
509 1422 572 1487 τῶν
602 1422 796 1506 γινομένων,
837 1415 878 1500 ήν
909 1417 1086 1508 ἀναιροῦσι
1117 1417 1174 1489 διά
1206 1412 1266 1487 τού

256 1519 481 1613 δόγματος,
461 1548 544 1619 αντη
529 1524 791 1614 κεχρῆσθαιι
807 1527 838 1605 a)
871 1520 955 1615 πρὸς
972 1520 1178 1606 κατασκευήν
1205 1525 1266 1590 τοῦ

258 1625 475 1719 ἀναιροῦντος
502 1623 605 1709 ἀυτήν
636 1625 668 1709 ²)
700 1622 887 1714 δόγματοςς
928 1623 1102 1714 Λαβόντες
1131 1624 1198 1754 γάρ
1227 1623 1293 1710 τό,

255 1736 395 1800 ἕκαστον
420 1732 483 1798 τῶν
505 1726 713 1798 συνεστώτων
733 1725 833 1824 φύσει
857 1715 983 1798 κάόῖ(
968 1734 1164 1822 ειμαρμένην
1183 1733 1269 1798 ἐῖναι

255 1837 431 1915 τοιοῦτον,
453 1829 568 1902 ὁποῖόν
594 1837 680 1915 ἐστι,
704 1828 747 1912 ὡς
767 1829 892 1902 τάντοῦ
910 1830 1007 1912 ὄντος
1028 1835 1087 1900 τοῦ
1109 1857 1144 1900 τε
1165 1828 1267 1926 φύσει

253 1945 309 2006 καὶ
341 1939 403 2005 τοῦ
433 1933 558 2006 καθΗ
542 1940 759 2029 ειμαρμένην,
794 1939 1018 2028 προςτιύέασι
1051 1933 1112 2019 τό,
1149 1932 1268 2005 οῦκοῦν

254 2039 343 2110 κατὰ
366 2039 425 2126 τήν
446 2044 642 2161 ἑιμαρμένην
663 2045 719 2108 καὶ
745 2035 954 2121 ἀισθήσεται
974 2037 1103 2136 τὰζῷα
1128 2046 1185 2107 καὶ
1210 2036 1268 2131 ὁρ-

254 2141 362 2267 μήσει.
418 2148 490 2214 Καὶ
522 2143 564 2212 τά
596 2151 656 2232 μὲν
683 2145 747 2211 τῦν
778 2138 868 2226 ζώων
894 2138 1058 2236 ἐνεργήσει
1085 2138 1189 2232 μόνον
1216 2144 1266 2226 ³),

255 2247 300 2317 τά
328 2253 364 2317 δὲ
394 2245 510 2340 πράξει
537 2245 580 2314 τά
610 2245 745 2334 λογικά,
782 2252 839 2314 και
864 2244 907 2313 τά
937 2255 997 2334 μὲν
1022 2242 1268 2365 ἁμαρτήσεται,

257 2351 303 2420 τά
328 2356 365 2420 δὲ
393 2346 617 2443 κατορθώσει.
674 2351 791 2417 Ταῦτα
811 2348 876 2472 γάρ
898 2346 1029 2429 τούτοις
1053 2347 1141 2418 κατά
1165 2345 1270 2442 φύσιν

257 2461 327 2543 μέν.
361 2451 487 2524 Ὄντων
509 2457 545 2522 δὲ
566 2461 623 2520 και
644 2448 891 2546 ἁμαρτημάτων
907 2457 964 2521 καὶ
982 2449 1268 2543 κατορθωμάτων,
1303 2466 1309 2473 ’

255 2566 311 2628 καὶ
322 2560 385 2628 τών
396 2553 557 2627 τοιούτων
571 2553 702 2652 φύσεων
715 2564 772 2625 καὶ
781 2551 967 2639 ποιοτήτων
977 2553 1023 2645 μή
1038 2553 1268 2644 ἀγνοουμένων

255 2668 312 2730 καὶ
330 2663 460 2731 ἔπαινοι
479 2669 540 2748 μὲν
558 2666 614 2728 καὶ
634 2657 760 2755 ψόγοι,
783 2666 840 2728 καὶ
860 2665 954 2748 τιμαὶ
971 2666 1027 2728 καὶ
1047 2655 1200 2752 κολάσεις
1221 2652 1267 2741 6)·

255 2767 364 2833 ταῦτα
399 2763 465 2856 γάρ
505 2760 609 2844 ὁύτως
644 2764 709 2853 ἔχει
738 2760 969 2843 ἀκολουθίας-
988 2789 1022 2830 τε
1059 2769 1115 2830 καὶ
1140 2759 1270 2845 τάξεως.

258 2866 305 2937 Ού
334 2866 398 2956 μήν
431 2863 621 2936 ἀκολουθεῖ
652 2868 700 2934 ἔτι
731 2869 839 2935 ταῦτα
871 2870 990 2935 τοῦτον
1019 2867 1180 2954 γίνεσθαι
1211 2864 1270 2933 τόν

256 2967 381 3063 τρόπον
401 2977 471 3052 τοῖς
492 2969 551 3054 τήν
572 2967 675 3066 φύσιν
692 2996 727 3040 τε
747 2977 803 3038 καὶ
825 2968 868 3037 τά
888 2966 1043 3059 γινόμενα
1066 2964 1271 3063 κατὰφύσιν

258 3081 304 3154 εἰς
328 3072 388 3157 τήν
409 3077 606 3167 ἑιμαρμὲνην
634 3101 669 3143 τε
697 3080 753 3142 καὶ
780 3071 840 3156 τήν
868 3069 1013 3161 ἀνάγκην
1033 3065 1270 3166 μεταφέρουσι.

259 3175 479 3273 Κατάφύσιν
500 3176 642 3270 μὲνγὰρ
667 3184 739 3258 τοῖς
759 3183 954 3268 πρακτικοῖς
977 3202 1013 3245 τε
1040 3183 1097 3246 καὶ
1125 3180 1270 3262 λογικοῖς

255 3281 351 3364 ζώοις
379 3279 419 3349 τό
447 3288 504 3348 καὶ
532 3277 737 3403 ἁμαρτάνειν
768 3286 823 3348 καὶ
851 3275 1047 3373 κατορθύῦν
1078 3275 1270 3362 δύνασθαι,

256 3389 303 3454 τῦ
334 3382 565 3507 μηδέτερον’
545 3386 668 3454 αυτῦν
685 3390 790 3452 ποιεῖν
822 3386 1147 3510 κατηναγκασμὲνως.
1198 3385 1269 3450 Καὶ

258 3485 343 3557 τοῦτ’
368 3486 498 3571 ἀληθές
520 3489 590 3558 ἐστι
611 3493 669 3554 καὶ
685 3489 804 3556 τοῦτον
825 3488 888 3577 ἔχει
910 3484 968 3556 τὸν
984 3482 1124 3607 τρόπον,
1146 3482 1186 3554 ού
1210 3490 1270 3573 μέν

256 3618 310 3660 τοι
330 3618 384 3679 γε,
421 3585 473 3660 ότι
497 3587 608 3660 πάντα
635 3585 719 3673 ⁵)‘'
695 3619 719 3657 a
743 3593 900 3680 ποιοῦμεν
938 3581 1025 3673 ἐξ
1005 3584 1150 3676 τνάγκης
1179 3586 1268 3678 ἡμεῖς

255 3701 361 3764 ποιεῖν
390 3700 562 3783 λέγουσιν,
594 3693 708 3762 ἔπειτα
727 3692 806 3774 τούς
826 3702 888 3782 μὲν
909 3695 1106 3781 κατορθοῦν
1127 3695 1192 3762 τών
1213 3698 1269 3760 λα·

258 3801 359 3886 γινιῦς
380 3794 614 3891 ἐνεργούντων,
651 3796 729 3878 τούς
754 3802 790 3882 δὲ
819 3794 1039 3886 ἁμαρτάνειν,
1068 3791 1270 3883 ἐξάνάγκης

259 3909 293 3972 δε
322 3898 432 3972 πάντα
463 3905 636 3991 ποιοῦμεν·
674 3898 756 3969 καθ’
792 3897 849 3980 όύς
880 3897 1044 3968 ἀδύνατον
1077 3906 1138 3986 μὲν
1168 3901 1268 3968 τῶνδε

258 4008 353 4080 τινῶν
366 4002 589 4099 περιεστώτων
605 4002 651 4094 μή
669 4000 829 4092 πράσσειν
848 4000 951 4092 ήμῖις,
973 3998 1060 4072 τάῖ
1078 3997 1268 4090 ἐξάνάγκης
