2828 4792
1057 421 1148 484 ,47

139 593 203 657 isto
224 595 321 661 inodo
343 595 521 661 necessario
537 597 641 677 edant.
686 595 782 676 Quod
796 603 898 656 autern
913 591 990 656 aliae
1005 591 1081 656 liant
1103 613 1145 656 ex

96 729 97 732 ¹
141 697 302 778 appetitu,
328 713 381 764 aut
395 699 524 782 insuper
541 720 583 761 ex
600 718 745 773 assensu,
770 696 850 760 aliae
870 717 928 778 per
943 695 1143 780 grauitatem,

140 799 221 862 aliae
239 823 298 882 per
316 804 473 878 calorem,
505 800 584 865 aliae
602 800 662 863 alia
679 783 720 863 esi
743 822 858 876 eausa,
882 802 963 862 hane
980 819 1061 882 quae
1082 819 1144 880 per

140 901 310 966 animantia
335 905 432 982 fiunt,
463 905 569 968 dieunt
593 925 661 968 esse
686 903 718 966 in
745 903 944 967 animantium
970 913 1140 984 potestate,

140 999 205 1066 non
229 1005 303 1070 item
329 1009 404 1072 alias
426 1029 495 1070 esse
516 1007 548 1072 in
565 1019 722 1090 potestate
748 1006 858 1090 lapidis
885 1017 937 1068 aut
961 1005 1055 1090 ignis.
1100 1007 1145 1070 Et
1192 1013 1197 1026 ⁸

137 1108 217 1170 haee
239 1120 304 1186 est,
328 1123 363 1174 ut
383 1111 573 1194 eompendio
595 1111 751 1186 dieamus,
783 1110 912 1174 illorum
934 1112 972 1174 de
995 1131 1034 1175 eo
1057 1110 1143 1194 quod

136 1210 168 1272 in
190 1223 349 1294 potestate
372 1233 441 1279 esse
463 1213 595 1292 dieitur,
620 1213 784 1278 sententia.

202 1625 311 1714 Facile
332 1639 435 1692 autem
458 1627 528 1693 visu
549 1651 588 1694 an
608 1629 660 1694 isti
678 1631 731 1714 qui
752 1631 810 1694 ista
836 1599 942 1695 dieiuit
957 1611 1144 1696 communes

137 1742 268 1794 servent
296 1731 435 1794 omnium
456 1733 618 1796 hominum
634 1733 781 1797 notiones
805 1735 844 1796 de
863 1755 902 1798 eo
929 1739 1016 1818 quod
1032 1735 1064 1798 in
1081 1755 1143 1818 po-

136 1843 252 1896 testate
276 1846 387 1896 nostra
408 1847 468 1898 est.
519 1837 601 1898 Nam
626 1836 681 1919 qui
700 1838 740 1898 ab
763 1836 824 1900 illis
847 1850 1019 1921 quaerunt,
1058 1860 1142 1922 quo·

137 1939 236 2000 modo
258 1935 285 2000 si
306 1949 418 2000 cuneta
440 1938 521 2002 Fato
538 1951 696 2024 aguntur,
727 1939 852 2004 defendi
872 1942 975 2024 possit
995 1961 1064 2005 esse
1085 1942 1142 2006 ali-

137 2039 214 2121 quid
235 2039 267 2102 in
288 2052 398 2104 nostra
424 2052 602 2123 potestate,
646 2063 711 2105 non
736 2043 768 2105 id
788 2057 942 2126 quaerunt
963 2047 1003 2106 ad
1027 2066 1143 2108 nemen
1216 2025 1252 2098 s
1321 2031 1322 2038 ἵ

73 2167 75 2172 ·
136 2143 242 2206 solum
258 2143 480 2225 respicientes,
505 2147 561 2207 sed
579 2147 620 2208 ad
639 2165 705 2207 rem
727 2165 808 2228 quae
833 2141 1016 2210 eonomine
1041 2145 1142 2232 signi·

138 2243 269 2322 fleatur,
293 2245 326 2309 id
347 2257 394 2308 est
415 2245 585 2310 voluntatis
600 2245 789 2311 libertatem.
813 2249 895 2312 Nam
907 2248 980 2332 quia
994 2249 1056 2312 tale
1071 2269 1141 2312 esse

137 2352 293 2426 eredunt,
325 2352 412 2432 quod
436 2349 468 2414 in
492 2363 651 2434 potestate
676 2363 786 2417 nostra
810 2373 878 2416 esse
900 2353 1034 2430 dieitur,
1069 2353 1142 2420 ideo

135 2451 197 2515 illis
210 2452 447 2529 contradicunt,
472 2454 527 2537 qui
545 2466 657 2518 cuneta
680 2477 720 2518 ex
737 2456 922 2520 necessitate
940 2453 1046 2520 dieunt
1058 2457 1140 2522 lieri.

136 2554 189 2618 Illi
211 2576 292 2619 vero
311 2577 381 2620 eum
401 2559 551 2620 deberent
573 2559 677 2621 dicere
692 2561 735 2622 oh
761 2561 825 2622 hoe
845 2557 948 2641 ipsum
963 2581 1026 2624 non
1044 2581 1141 2642 posse

137 2659 262 2723 defendi
281 2681 350 2722 esse
370 2660 486 2744 aliquid
505 2661 537 2724 in
559 2674 668 2726 nostra
682 2673 864 2743 potestate,
889 2673 920 2725 et
946 2685 1054 2726 causas
1084 2667 1140 2728 ad·

137 2763 213 2826 dere
230 2785 289 2827 eur
307 2763 338 2827 id
360 2764 484 2828 defendi
506 2786 570 2828 non
589 2765 712 2847 possit,
736 2787 808 2828 eum
831 2765 975 2830 viderent
1000 2788 1069 2831 esse
1083 2767 1142 2831 im·

136 2867 305 2950 probabile
330 2869 373 2930 ob
391 2868 487 2932 multa
513 2889 593 2952 quae
614 2868 675 2950 ipsi
700 2868 731 2932 in
757 2881 914 2952 potestate
939 2883 1049 2934 nostra
1071 2891 1142 2935 essa

136 2969 333 3060 faterentur,
363 2983 398 3035 ut
418 2974 483 3035 hoe
499 2972 703 3036 conciliarent
729 2993 800 3036 eum
822 2973 965 3038 doctrina
983 2977 1021 3037 de
1044 2975 1140 3050 Fato,

136 3087 306 3156 sperarunt
337 3096 371 3138 se
402 3074 596 3140 auditoribus
632 3076 796 3158 imponere
833 3099 928 3158 posse
958 3099 1017 3160 per
1043 3099 1141 3144 voees

136 3178 226 3242 dubii
249 3179 445 3265 significatus
472 3190 503 3241 et
528 3178 574 3242 sie
595 3181 737 3265 effugere
760 3181 879 3244 absona
903 3179 957 3244 illa
977 3181 1141 3264 sequentia

137 3303 194 3346 eos
213 3282 270 3366 qui
287 3293 442 3370 negarent
461 3285 614 3366 quaedam
629 3305 698 3346 esse
711 3283 743 3346 in
755 3295 864 3348 nostra
878 3295 1047 3366 potestate.
1072 3287 1146 3358 Eos,
1184 3369 1185 3372 Ἴ
1298 3285 1300 3290 ’

137 3388 192 3470 qui
221 3387 267 3452 sie
294 3389 469 3473 loquuntur
489 3391 624 3472 primum
649 3390 730 3454 iuste
752 3389 821 3472 quis
847 3389 1045 3474 interroget,
1070 3411 1143 3455 ,cur

136 3499 214 3554 eum'
231 3515 249 3558 a
272 3494 354 3557 Fato
376 3492 459 3556 alirrd
477 3513 536 3574 per
558 3493 618 3556 alia
634 3493 706 3571 fiat,
737 3491 899 3576 fatumque
918 3505 1069 3573 operetur
1083 3513 1142 3575 per

136 3605 281 3680 naturam
308 3595 420 3680 cuique
450 3595 497 3658 rei
524 3597 710 3680 propriam,
762 3599 799 3660 de
826 3607 1007 3658 eeterarum
1035 3617 1140 3659 rerum

137 3699 377 3783 operationibus
404 3722 469 3764 non
491 3699 595 3763 dicant
611 3721 669 3762 eas
695 3721 763 3762 esse
784 3700 816 3764 in
842 3721 947 3763 earum
969 3711 1137 3780 potestate,

136 3805 192 3866 sed
216 3815 338 3871 tantum
365 3806 403 3866 de
423 3803 659 3885 operationibus
682 3803 904 3868 animantium?
937 3803 1034 3884 Quod
1052 3803 1140 3866 ‘enim

138 3925 193 3970 eos
216 3906 367 3989 impellit,
392 3917 427 3970 ut
445 3927 525 3989 quae
547 3927 614 3990 per¹
624 3905 790 3970 animantia
803 3906 906 3984 fiunt,
932 3923 969 3970 ea
991 3905 1093 3970 dicant
1107 3906 1139 3968 in

136 4022 296 4090 potestate
318 4032 388 4073 esse
408 4009 628 4088 animantium,
653 4009 735 4074 idem
750 4009 811 4089 diei
830 4007 922 4072 etiam
944 4013 981 4074 de
1000 4033 1140 4092 urnaquau
