2758 4790
1064 417 1125 488 us
1164 519 1166 526 ,

122 609 163 653 cx
184 607 287 674 equo,
311 591 409 653 homo
432 611 472 652 ex
491 590 616 656 homine
639 601 670 654 et
683 591 754 656 talis
777 607 818 654 ex
843 588 911 656 tali.
942 589 1125 675 opituletur

122 713 196 756 saue
222 695 261 756 ad
286 694 350 756 hoe
373 703 405 756 et
425 694 566 757 universi
585 694 815 772 circumactio,
845 697 903 759 sed
924 694 968 757 ita
987 693 1127 758 ut'haec

122 795 220 860 mrdta
235 793 328 858 etiam
345 795 736 883 gignentibusrelinquat.
780 797 904 861 Deinde
920 799 992 861 dent
1016 790 1126 859 stellae

121 898 213 962 etiam
240 897 431 980 corporibus
452 900 550 962 multa
571 919 688 982 corpus
714 900 908 982 spectantia,
940 912 1018 984 puta
1039 900 1126 963 calo-

120 1021 172 1064 res
197 1013 229 1066 et
252 1001 379 1087 frigora
406 1012 438 1064 et
469 1013 713 1083 temperaturam
738 1002 840 1066 exiis
868 1014 1126 1087 consequentem.

119 1105 166 1168 At
197 1105 361 1188 quomodo
395 1103 467 1168 inde
503 1125 609 1169 mores
642 1115 673 1168 et
705 1105 807 1169 studia
843 1117 875 1168 et
903 1127 985 1190 quae
1014 1106 1127 1170 nolunt

120 1205 268 1290 corporis
289 1217 538 1289 temperamento
568 1205 728 1290 obsequi?
756 1207 929 1288 Quomodo
958 1207 1031 1271 inde
1053 1208 1129 1272 lite·⁴

118 1322 217 1374 rator
235 1322 287 1374 aut
308 1331 436 1377 mensor
462 1319 514 1374 aut
536 1312 676 1398 aleator,
715 1321 767 1372 aut
789 1329 896 1372 rerum
918 1309 1049 1374 aliarum
1073 1332 1125 1375 re-

119 1411 254 1495 pertor?
288 1412 438 1476 Pratitas
464 1424 567 1477 autem
586 1421 714 1477 'morum
730 1414 902 1496 'quomodo
928 1414 968 1475 ab
1001 1410 1038 1476 iis
1072 1415 1128 1476 da«

120 1516 206 1578 bitur
228 1515 282 1599 qui
302 1515 357 1580 Dii
381 1515 479 1579 sunt?
501 1518 584 1580 Nam
607 1517 687 1580 mua
708 1517 782 1584 dare
804 1514 951 1578 dicuutur
970 1537 1042 1580 cum
1064 1514 1126 1598 ipsi

120 1618 297 1682 afficiuntur
317 1619 419 1696 malo,
450 1618 483 1681 id
501 1631 547 1682 est
565 1641 635 1682 cum
658 1618 822 1695 occidunt,
855 1627 908 1680 aut
929 1619 1038 1682 subter
1059 1630 1125 1680 ter·

121 1743 189 1784 ram
214 1721 378 1799 seruntur,
413 1721 502 1806 quasi
522 1722 600 1785 novi
620 1721 737 1804 aliquid
757 1719 918 1802 patiantur
936 1742 1007 1782 cum
1024 1720 1127 1785 nostri

123 1845 217 1887 causa
250 1823 416 1902 occidunt,
436 1836 486 1887 ct
517 1845 582 1886 non
613 1845 738 1905 semper
772 1823 915 1887 scrantur
943 1825 1124 1888 caelestium
1210 1861 1213 1868 ·

121 1927 281 1991 rotatione
304 1927 468 2003 orbium,
486 1928 582 1990 etad
609 1936 726 1989 terram
750 1925 893 2008 pariliter
917 1947 952 1989 sc
972 1928 1121 1993 habeant·

121 2031 236 2114 Neque
267 2030 431 2095 dicendum
463 2030 518 2093 uhi
542 2029 632 2094 Deus'
662 2030 741 2092 alter
769 2025 901 2109 adspicit
928 2030 1064 2092 alterurn
1085 2051 1127 2093 cx

121 2135 184 2196 hac
206 2133 259 2196 vel
283 2132 337 2195 illa
365 2131 517 2208 statione,
554 2134 596 2195 ob
621 2131 654 2195 id
674 2153 745 2194 eum
770 2129 860 2194 reddi
879 2116 1049 2195 meliorem*
1072 2143 1125 2196 aut

122 2236 285 2319 peiorem,
318 2247 354 2297 ut
379 2237 557 2298 cumbere
584 2234 645 2298 illis
674 2233 729 2311 sit,
765 2236 845 2296 bene
870 2233 963 2299 nubis
988 2235 1122 2313 faciant,

123 2361 194 2402 cum
220 2331 301 2402 male
326 2338 442 2404 saciant
468 2339 567 2420 male:
605 2341 662 2401 scd
683 2337 789 2419 potius
811 2337 890 2401 ferri
913 2337 967 2401 illa
989 2360 1129 2421 corpora

122 2445 210 2507 bono
239 2441 397 2504 universi:
428 2439 553 2503 interim
571 2452 675 2502 tamen
695 2453 725 2504 ct
748 2442 880 2504 alterum
901 2444 1057 2523 praebere
1079 2441 1129 2506 sui

119 2568 224 2609 usum.
253 2545 352 2626 (hlud
362 2544 393 2607 in
404 2544 457 2606 illa
466 2555 642 2626 spectantes
657 2557 804 2627 tanquam
815 2543 847 2606 in
859 2543 982 2619 literas,
1008 2544 1059 2606 isti
1072 2545 1126 2628 qui

121 2648 205 2712 illam
224 2659 341 2711 norunt
359 2647 553 2710 literaturam
575 2668 615 2709 ex
633 2647 744 2731 figuris
765 2647 874 2731 legere
888 2647 1013 2723 sutura,
1039 2666 1127 2711 com·

120 2751 287 2836 paratione
309 2737 442 2834 quadam
467 2748 648 2834 indagantes
671 2751 796 2826 lutura,
830 2751 895 2813 hoc
924 2749 1053 2832 perinde
1079 2762 1126 2813 est

121 2847 326 2939 quasi-dieat
358 2851 447 2936 quis:
486 2853 558 2936 quia
587 2853 653 2916 avis
687 2864 857 2935 conspecta
887 2848 935 2916 e'st
960 2852 1124 2930 sublimis,

121 2953 270 3024 sublimes
292 2956 470 3046 significare
495 2955 649 3020 actiones.
957 2971 969 2980 ·
1036 2971 1039 2978 ’

184 3269 298 3332 Restat
320 3264 530 3330 examinemus
557 3278 588 3328 et
609 3267 694 3330 illam
713 3265 897 3350 sententium
921 3283 1000 3347 quae
1023 3264 1128 3329 omnia

119 3373 251 3454 copulat
270 3382 364 3454 atque
380 3369 548 3445 connectit,
559 3382 591 3431 et
607 3391 703 3432 unmn
718 3368 825 3432 statuit
839 3367 1029 3450 principium
1043 3371 1131 3451 quod

120 3475 286 3560 qualitates
309 3469 381 3536 suas
405 3472 517 3568 cuique
535 3472 672 3556 assignet
696 3483 727 3534 et
748 3474 830 3532 unde
858 3483 969 3532 cuncta
993 3471 1129 3534 effician-
1195 3503 1198 3508 ·

119 3593 174 3646 tur
187 3599 246 3660 per
259 3577 396 3641 rationes
412 3577 562 3659 quasdam
576 3575 755 3638 seminales.
801 3577 860 3637 Est
877 3575 957 3636 haec
977 3574 1131 3637 sententia

119 3683 167 3752 illi
188 3701 307 3762 suppar
342 3700 422 3762 quae
447 3676 659 3740 habitudinem
683 3677 920 3760 motionumque
946 3697 1070 3740 omnem
1101 3690 1133 3740 et

120 3796 264 3852 nostram
295 3794 325 3846 et
358 3803 465 3846 rerum
491 3778 625 3854 *aliarum
659 3781 698 3844 ab
727 3779 866 3844 universi
895 3779 996 3842 anima
1014 3779 1131 3842 statuit

122 3893 264 3953 madere.
309 3885 353 3948 Et
372 3903 549 3968 quanquam
569 3881 694 3944 videtur
712 3884 793 3945 hacc
807 3881 917 3965 opinio
939 3883 1022 3948 velle
1039 3882 1132 3947 nobis

123 3990 236 4078 lugiri
261 3984 559 4074 aliqud,=quasia
580 3984 672 4050 nobis
699 3983 817 4068 aliquid
838 4005 998 4075 agamus„
1018 4005 1132 4052 revera
