2828 4792
247 397 288 460 10

240 565 359 644 νέσεος
373 559 479 634 ἄντοῦ
492 558 643 657 δεύτερον
656 559 804 644 τὸτέλος
824 559 866 632 ὁῦ
878 559 977 658 χάριν
996 567 1124 654 γέγονε,
1145 572 1256 638 τουτί·

242 691 317 736 στιν
332 665 355 750 ἢ
369 661 447 788 τιμή
462 691 552 748 τινος
565 665 677 752 17),’
654 695 674 750 η
692 669 738 747 έις
757 665 842 738 Θεὸν
834 665 1005 791 ένσέβμώ
1019 695 1071 750 τις
1090 670 1196 752 ¹⁸)·'
1180 669 1257 742 νίνου

239 768 307 865 γάρ
323 766 478 854 τοιαύτης
492 767 602 852 ἇιτίας
617 767 722 842 οὐδ”
699 797 741 840 αν
755 768 815 858 τὴν
824 768 929 864 ἀρχὴν
943 798 962 840 ο
950 769 1139 867 εάνδριέις
1122 779 1258 862 εγέτετο.

235 859 371 948 Ὄντών
376 872 664 946 τοίννντοσαέτωυ
678 877 743 945 τών
757 872 871 945 νίιτίων
884 879 946 960 19),
956 875 1062 944 καὶ
1027 903 1087 961 την
1100 876 1185 971 πρὸς
1198 877 1257 948 62«-
1332 950 1336 958 ,

239 982 325 1060 ληλα
352 974 523 1074 διαφοράν
552 977 692 1069 ἐχόντων
719 975 901 1074 γνώριμον,
930 976 991 1064 τὴν
1004 983 1240 1074 έιμαρμένην
1223 1007 1258 1052 εν

239 1086 515 1166 τοίςποιητικοῐς
531 1080 653 1164 οίιτίοις
676 1085 811 1163 δικαίως
827 1080 870 1153 ίίν
889 1089 1161 1177 καταριθμοῐμεν
1174 1081 1257 1153 σίνα-

163 1210 169 1222 ·
241 1187 358 1274 λογίαν
372 1182 544 1271 σώζουσαν
563 1185 648 1281 πρὸς
665 1183 709 1256 τά
723 1183 882 1278 γινόμενα
901 1182 971 1256 κατ’
994 1183 1114 1271 οίυτίγν,
1138 1190 1183 1280 τῷ
1197 1191 1257 1257 τοῦ

238 1285 438 1381 ἀνδριάντος
458 1293 649 1386 δημιουργῷ
669 1293 794 1388 τεχνίτῃ
816 1291 877 1374 ²⁰).

308 1493 438 1568 Τούτου
459 1501 496 1567 δέ
517 1489 622 1579 οίίτως
645 1494 798 1589 έχοντος,
826 1493 1024 1568 ἀκόλουθον
1043 1495 1086 1568 δίν
1111 1500 1159 1583 ε’ίη
1182 1509 1256 1594 περὶ

240 1601 306 1670 τών
339 1603 521 1684 ποιητικῶν
556 1598 670 1672 ἆιτίων
708 1598 928 1672 ποιέσασδαι
968 1598 1029 1671 τὸν
1065 1597 1167 1691 λόγον
1213 1610 1257 1690 1)·

238 1696 325 1772 οίίτω
346 1703 419 1834 γὰρ
439 1703 537 1775 ’ἔσται
552 1702 736 1800 γνώριμον,
763 1707 826 1775 έίτε
842 1702 974 1775 πάντων
993 1706 1060 1774 τῶν
1078 1711 1257 1795 γινομένων

234 1805 298 1900 χρὴ
319 1804 380 1892 τὴν
404 1811 602 1902 ἕιμαρμένην
626 1806 873 1894 ἆιτιάσθαι,’
857 1812 918 1878 είττ
939 1811 993 1877 δτι
1009 1807 1042 1890 ²)
1063 1814 1121 1878 καὶ
1140 1808 1258 1891 ἄλλοις

238 1917 307 1980 τισὶ
332 1907 428 2036 παρὰ
457 1910 553 1996 τήνδε
585 1919 781 2006 συγχωρεῖν,
816 1909 860 1994 ώς
888 1936 965 1983 ουσι
993 1919 1178 1995 ποιητικοῖς
1206 1940 1256 1984 τι-

237 2039 302 2085 νων
321 2011 453 2095 ἇιτίοις,
501 2011 677 2086 Απάντων
703 2014 744 2100 δὴ
766 2019 830 2086 τών
855 2019 1034 2104 γινομένου
1058 2012 1254 2110 Ἀριστοτέ-

236 2123 296 2202 λης
331 2121 360 2202 ⁵)
392 2113 589 2210 ποιούμενος
620 2117 682 2204 τὴν
707 2122 868 2214 διαίρεσιν
890 2111 940 2203 4),
986 2116 1030 2186 τά
1059 2125 1120 2208 μέν
1147 2117 1255 2190 άντῶν

237 2218 326 2302 τινὸς
351 2218 451 2315 χάριν
477 2223 642 2309 γινεσθαι
675 2227 805 2318 λέγει,
826 2218 952 2292 σκοπόν
976 2248 1053 2292 τινα
1076 2229 1134 2292 καὶ
1161 2228 1255 2303 τέλος

237 2325 304 2394 τώιί
340 2329 519 2422 γινομένων
559 2327 771 2450 προκείμενον
813 2327 945 2417 ἔχοντος
982 2329 1042 2396 τοῦ
1068 2329 1254 2406 ποιοῦντος

188 2453 191 2464 ’
236 2455 339 2512 αντα,
368 2423 466 2498 τάδ’
494 2425 648 2509 οὐδενός·
689 2421 756 2498 ώσοι
778 2427 843 2523 γάρ
862 2431 892 2513 5)
925 2455 963 2498 ον
981 2454 1067 2497 κατα
1088 2426 1254 2522 πρόθεσίν

225 2517 348 2601 τινα
330 2529 395 2600 νπό
416 2533 476 2599 τοῦ
480 2531 665 2654 ποιοῦντος
681 2534 824 2620 γίνεται,
842 2527 912 2603 οὐδ’
933 2536 985 2600 ἐπὶ
1002 2527 1136 2611 τέλος’
1115 2537 1254 2624 ωρισμέ.

233 2743 270 2807 τέ
294 2764 392 2808 τινων
419 2734 653 2868 διακρριτήσεις
683 2745 740 2808 καὶ
773 2743 996 2868 περιστροφαὶ
1008 2787 1017 2819 ‚
1049 2744 1106 2805 καὶ
1131 2742 1252 2862 τριχῶν

236 2843 366 2936 ἕπαφαί
400 2866 435 2909 τε
473 2846 530 2910 καὶ
572 2838 739 2925 ἐκτάσεις,
784 2848 841 2910 καὶ
871 2833 937 2908 ὅσα
967 2837 1100 2921 τούτοις
1131 2837 1253 2932 ὁμοίως

233 2946 379 3050 γίνεται
412 2937 437 3011 ίί
461 2941 527 3037 γὰρ
550 2936 656 3027 ’θὸτι
672 2953 732 3033 μὲν
752 2946 876 3031 γίνεται
900 2943 930 3027 8)
958 2940 1055 3012 καὶ
1035 2942 1159 3027 αυτώ,
1168 2942 1251 3064 γνώ-

233 3072 353 3169 ριμον,
383 3043 426 3115 οὐ
425 3043 508 3168 μίγυ
534 3046 598 3136 ἔχει
623 3048 686 3129 81))
711 3044 771 3130 τὴν
795 3043 884 3116 κατά
908 3051 1001 3128 τέλος
1025 3050 1055 3130 9)
1081 3054 1138 3118 καί
1161 3045 1252 3128 τινὸς

231 3146 330 3244 χάριν
348 3145 435 3232 ²⁰)’
415 3151 535 3220 αιτίαν.
583 3148 636 3217 Τά
654 3157 716 3238 μὲν
733 3138 795 3217 οὖν
813 3141 899 3218 ον’τω
919 3145 1075 3240 γινόμενα
1095 3147 1250 3231 ἀσκόπως

234 3279 269 3322 τε
297 3258 353 3322 καὶ
380 3249 493 3332 ώπλώς
516 3249 673 3342 γινόμενα
703 3249 859 3338 οὐδεμίαν
883 3249 1061 3342 ἐώλογον”
1040 3279 1104 3344 εχει
1126 3255 1249 3347 διαίρε-

233 3373 307 3426 σιν·
340 3358 406 3426 τών
422 3360 458 3424 δὲ
484 3357 536 3425 έπί
563 3381 597 3424 τι
616 3352 677 3438 τὴν
704 3351 882 3450 ἀναφοράν
902 3353 1056 3447 ἐχόντων,
1085 3357 1143 3427 καί
1158 3381 1250 3437 τινος

233 3463 410 3550 γινομένων
438 3455 554 3552 χάριν,
595 3454 638 3526 τὰ
665 3465 726 3546 μὲν
754 3456 842 3526 κατά
864 3456 984 3555 φύσιν,
1025 3457 1071 3528 τὰ
1095 3464 1132 3530 δέ
1160 3457 1248 3532 κατὰ

232 3559 334 3682 λέγων
361 3565 487 3651 γίνεται
519 3564 571 3644 ¹¹).
633 3557 686 3629 Τά
712 3585 746 3629 τε
769 3559 834 3655 γὰρ
856 3557 962 3658 φύσιν
993 3559 1105 3634 ἆιτίαν
1127 3563 1245 3654 ἔχοντα

231 3667 292 3751 τῆς
314 3666 485 3754 γενέσεως,
523 3659 610 3732 κατά
627 3689 721 3744 τινας
748 3661 936 3755 ἀριθμοὺς,
972 3673 1028 3736 καί
1050 3663 1191 3751 τάξιν’
1169 3693 1246 3760 ωρι-

232 3773 353 3894 σμέτην
377 3764 526 3862 πρόεισιν
550 3768 596 3847 έίς
616 3793 651 3836 τι
674 3771 766 3850 τέλος
790 3769 853 3852 ¹²),
894 3773 927 3839 ἐν
948 3759 975 3864 ᾧ
998 3767 1154 3860 γινόμενα
1186 3771 1247 3840 τοτ’·

1199 3868 1244 3956 ¹⁴)

232 3973 381 4066 ἐμποδών
411 3978 541 4063 γένοιτο
568 3978 609 4072 τῇ
638 3973 725 4048 κατὰ
756 3972 859 4073 φύσιν
888 3973 995 4048 ἀντῶν
1020 3981 1070 4047 ἐπὶ
1095 3976 1133 4048 τὸ
1161 4003 1245 4070 προ-
