2758 4790
1039 415 1100 480 227

100 595 207 672 potest
230 582 304 672 quin
329 585 512 650 alterutrum
536 602 679 676 semper,
710 585 762 650 vel
784 587 872 670 quod
893 585 1016 669 primo,
1047 586 1100 649 val

100 692 188 774 quod
214 699 378 772 postremo
404 690 627 765 decreverant,
665 687 766 752 altero
783 688 837 754 ’sit
861 691 1019 766 deterius,
1064 699 1101 752 ut

99 791 236 878 proinde
266 790 299 854 in
322 791 455 854 alterum
485 791 601 855 horum
632 789 827 875 flagitiorum
854 790 877 858 ii
905 792 959 875 qui
984 793 1100 857 Fatum

100 896 234 970 tollunt,
272 892 450 958 necessario
484 891 633 957 incidant.
688 892 752 958 Sed
785 905 954 978 utrumque
985 894 1102 958 horum

101 996 214 1066 miultis,
227 994 329 1059 modis
352 1005 401 1058 est
420 993 632 1078 impossibile,
672 1007 704 1060 et
730 996 838 1061 futura
855 994 964 1062 omnia
984 1017 1026 1060 ex
1048 1017 1101 1060 ae·

102 1095 536 1185 territateconstitutatsunt
557 1108 589 1161 et
610 1097 772 1175 ordinata,
809 1099 850 1162 ab
876 1121 941 1163 uno
963 1097 1103 1162 omniurn

102 1204 197 1288 Rege
217 1202 299 1266 Iove
321 1199 464 1265 ordinata
486 1220 524 1264 ac
544 1193 684 1264 definita.
728 1199 792 1283 Qui
816 1221 994 1292 quanquam
1013 1201 1103 1268 solus

102 1305 185 1369 inter
205 1301 311 1369 omnia
331 1302 476 1367 definitus
497 1323 563 1366 non
584 1314 650 1380 est,
675 1325 746 1368 cum
766 1305 906 1370 nondum
926 1302 1023 1368 fuerit
1044 1302 1103 1368 ali·

102 1407 195 1492 quid,
219 1407 308 1491 quod
320 1397 458 1470 ‘definire
478 1405 581 1489 ipsum
602 1405 755 1490 quiverit,
779 1409 864 1488 (nam
885 1427 905 1472 a
925 1406 990 1470 suis
1005 1426 1103 1491 quae·

102 1531 164 1598 que
187 1510 288 1574 causis
317 1506 440 1573 definiri
466 1529 596 1572 necesse
625 1510 691 1590 est)
733 1521 837 1574 tamen
868 1509 978 1592 potior
1009 1508 1108 1590 licet,-

103 1635 198 1700 quam
224 1612 282 1698 qui
311 1610 435 1678 definiri
460 1611 623 1695 potuerit,
668 1623 700 1676 et
731 1623 835 1676 manet
867 1633 994 1695 semper
1020 1610 1104 1676 idem

105 1721 279 1801 eodemque
299 1714 332 1779 in
353 1725 452 1793 statu,
483 1725 515 1778 et
535 1714 701 1778 maximam
723 1715 862 1778 omnium
881 1713 1103 1780 fortissimam·

108 1841 169 1906 que
190 1817 428 1894 necessitatem,
452 1839 532 1903 quae
548 1817 616 1900 ipsa
630 1838 689 1900 per
703 1838 738 1881 se
758 1817 926 1882 necessitas
947 1829 1017 1895 est,
1040 1838 1106 1884 non

45 1909 48 1917 ¹
104 1945 163 2009 per
184 1921 295 1999 alium,
328 1921 473 1985 sustinet.
528 1921 625 2002 Quod
645 1932 832 2006 argrunento
860 1941 930 1984 esse
958 1922 1051 1984 debet
1072 1930 1106 1984 et

104 2024 321 2094 necessitatem
341 2034 503 2108 praestare
522 2022 682 2099 fortuitis,
705 2035 738 2087 ct
759 2023 851 2102 Iovi,
875 2025 963 2107 quod
984 2044 1105 2088 summe

103 2132 208 2194 bonus
236 2127 293 2205 sit,
331 2125 496 2190 maximam
516 2125 733 2190 necessitatem
754 2148 849 2210 quam
870 2125 1004 2190 maxime
1026 2147 1105 2192 con·

105 2233 226 2299 venire.
276 2229 450 2295 Enimvero
471 2227 527 2306 iis,
572 2250 653 2314 quae
673 2228 848 2294 immediate
870 2231 910 2294 ab
931 2229 1003 2313 ipso
1022 2249 1105 2313 pro·

106 2338 282 2410 ducuntur,
320 2333 402 2396 hano
431 2331 531 2416 ipsam
562 2331 761 2400 affectionem
791 2324 934 2398 ¹secundo
964 2344 1039 2416 post
1070 2353 1106 2396 se
1221 2393 1223 2398 .

106 2439 181 2504 loco
195 2435 347 2520 impertit.
390 2435 474 2498 Nam
493 2454 574 2518 quae
596 2445 742 2520 generat,
766 2455 894 2500 necesse
917 2447 966 2506 est
983 2456 1107 2522 cogna-

106 2555 140 2607 ta
167 2541 229 2606 sibi
255 2539 423 2622 producat.
479 2539 571 2601 Haec
598 2557 677 2602 vero
704 2537 766 2602 alia
793 2537 886 2602 simui
915 2537 1020 2606 omnia
1045 2557 1108 2621 per
1146 2551 1148 2556 '

106 2645 210 2730 ipsum
242 2643 366 2721 definit,
414 2640 552 2726 nihilque
584 2652 632 2705 est
658 2641 711 2705 vei
739 2662 889 2728 maguum
916 2643 1016 2720 adeo,
1054 2640 1108 2706 vel

106 2769 259 2833 parvum,
297 2742 449 2832 quorsum
477 2744 546 2828 ipse
573 2743 778 2828 praescriptis
800 2765 819 2810 a
839 2765 874 2808 se
894 2741 1019 2830 legibus
1041 2763 1109 2809 non

107 2850 280 2936 pertingat.
338 2827 428 2912 Nihil
459 2846 542 2910 enim
569 2869 638 2912 esse
666 2858 774 2932 potest
802 2849 889 2932 quod
920 2847 1023 2930 ipsum
1042 2865 1109 2912 non

110 2949 266 3041 agnoscat
285 2970 347 3034 pro
369 2970 463 3014 causa
482 2949 664 3034 praecipua.
699 2951 809 3015 Porro
831 2948 891 3014 nisi
910 2949 1038 3014 definita
1058 2969 1110 3012 es·

108 3058 329 3132 sentimum,
351 3073 391 3118 ne
412 3051 565 3136 praesciri
586 3052 711 3136 quidem
731 3062 885 3137 possent,
919 3073 984 3117 non
1005 3051 1110 3116 solum

109 3163 150 3228 ab
183 3156 379 3232 homiuibus,
417 3157 473 3220 sed
500 3177 541 3220 ne
570 3155 694 3240 quidem
723 3177 742 3218 a
771 3175 931 3241 quoquam
952 3155 1110 3220 Deorum.

110 3260 199 3328 Fieri
220 3257 302 3322 enim
323 3256 450 3322 omnino
483 3279 549 3321 non
575 3268 681 3341 potest
709 3269 745 3324 ut
777 3259 944 3343 quicquam
974 3255 1108 3334 sciatur,

116 3365 205 3450 quod
230 3380 364 3445 prorsus
390 3381 455 3422 non
482 3359 523 3424 sit
542 3360 712 3426 definitum.
757 3362 839 3425 Nam
865 3381 968 3445 neque
990 3357 1113 3424 definiri

111 3477 222 3553 posset
243 3465 401 3549 quodnam
422 3484 533 3526 verum
553 3463 610 3540 sit,
648 3483 749 3546 neque
776 3475 882 3528 utrum
908 3466 1050 3528 futurum
1073 3462 1115 3528 sit

113 3591 154 3634 an
175 3568 288 3632 minus.
332 3567 401 3632 Iam
422 3576 525 3629 autem
546 3577 662 3629 norunt
683 3565 738 3629 Dii
757 3567 881 3643 futura,
913 3566 1060 3650 qnoniam
1082 3577 1116 3630 et

115 3675 326 3737 decreverunt
347 3670 420 3746 illa,
451 3679 483 3734 et
505 3669 630 3746 eadem,
662 3671 733 3731 dnm
757 3689 850 3734 causa
872 3669 999 3734 illorum
1020 3679 1113 3744 sunt,

113 3776 231 3854 habent
252 3772 312 3836 sibi
332 3793 457 3856 semper
480 3783 551 3837 ante
573 3770 684 3836 ocrdos
705 3772 898 3854 praesentia,
922 3773 995 3836 licet
1011 3783 1116 3839 ortum

116 3879 260 3944 nondum
280 3887 373 3938 nacta
393 3874 467 3941 sint.
511 3873 608 3942 Certe
631 3873 720 3940 aliter
740 3895 805 3938 non
827 3886 944 3940 norunt
965 3897 1036 3953 res,
1060 3873 1119 3938 nisi

115 3984 191 4072 dunt
220 3957 511 4063 disponentium,
557 3989 590 4044 et
616 3999 728 4045 causae
754 3977 877 4044 illatum
906 3991 990 4042 sunt.
1048 3979 1119 4041 Nec
1186 4049 1187 4054 ἵ
