2828 4792
320 655 576 750 Ἀναιρουμέυου
591 662 630 724 δέ
645 654 688 736 ῶς
703 658 837 744 ἐδείχθη
852 657 910 722 τοῦ
925 651 1183 740 βουλεύσασθαι
1194 649 1263 720 κατ’

999 753 1113 838 δύλως.
1160 758 1266 824 Τοῦτο

258 862 323 956 γὰρ
345 860 394 960 ἐφ’
407 859 490 953 ύμῖν
511 859 629 942 πάντες
657 856 732 931 ὅσοι
759 861 805 951 μὴ
834 863 929 929 θέσεί
952 885 1016 928 τινι
1036 861 1267 951 παρίστανται,

258 962 506 1059 παρειλήφασιν
512 969 605 1050 ἐῖυαι,
617 961 657 1034 ὁύ
672 968 698 1047 ¹)
713 960 804 1054 ἡμεῖς
810 971 871 1053 μέν
881 968 935 1040 καί
943 961 1002 1031 τού
1008 964 1204 1055 πραχθῆναι
1212 979 1268 1044 καὶ

257 1069 319 1137 τού
338 1067 384 1157 μὴ
405 1071 603 1162 πραχθῆναι
626 1063 751 1161 κύριοι,
784 1065 843 1157 οὐχ
867 1062 1015 1154 ἑπόμενοί
1036 1090 1124 1135 τισιν
1143 1065 1269 1148 ἔξωθὲν

178 1238 179 1242 ,
257 1167 345 1259 ἡμᾶς
361 1173 553 1263 περιστᾶσιν
574 1168 710 1254 ἀιτίοις,
732 1167 808 1239 ούδέ
824 1166 1002 1247 ἐνδιδόντες
1016 1164 1137 1246 ἀυτούς
1151 1165 1164 1202 ¹
1177 1171 1225 1251 a),
1246 1156 1267 1262 ᾗ

258 1270 327 1356 (σίν)
343 1276 446 1342 ἐκεῖνα
462 1270 526 1369 ἀγη
540 1265 582 1358 ²).¹
601 1276 672 1341 Καὶ
693 1268 714 1356 ἡ
732 1275 923 1364 προαίρεσις
943 1269 982 1340 τὸ
998 1271 1082 1340 ἐδιου
1096 1271 1191 1362 ἔργον
1203 1272 1268 1339 τῶν

258 1371 448 1467 ἀνθρώπων
457 1383 531 1468 περὶ
542 1372 655 1446 τάυτό.
673 1372 723 1444 Ἡ
731 1373 796 1467 γάρ
809 1377 860 1444 ἐπὶ
873 1379 1059 1467 προκριδέν
1071 1377 1105 1441 ἐκ
1116 1376 1174 1455 τῆς
1187 1377 1267 1461 βου-

259 1481 318 1560 λῆς
338 1477 421 1565 μετὰ
442 1475 573 1571 ὀρέξεως
591 1475 701 1571 ὁρμὴ,
729 1481 929 1570 προαίρεσις.
967 1475 1029 1546 Διά
1044 1474 1119 1544 ούδέ
1134 1480 1185 1546 ἐπὶ
1199 1483 1269 1555 τοῖς

258 1577 445 1668 ἀναγκαίως
464 1576 648 1668 γινομένοις
668 1577 689 1663 ἡ
710 1583 917 1673 προαίρεσις,
961 1577 1045 1654 ὀύτε“
1057 1583 1108 1648 ἐπὶ
1133 1584 1202 1659 τοῖς
1220 1587 1267 1668 μὴ

258 1681 444 1770 ἀναγκαίως
457 1691 517 1773 μέν
525 1735 534 1764 ,
556 1688 584 1752 ἐι
593 1682 639 1773 μὴ
654 1681 694 1752 δι’
707 1679 797 1774 ἡμῶν
811 1688 857 1768 ³),
879 1682 947 1753 ἀλλ’
965 1682 1040 1752 ούδέ
1055 1686 1089 1751 ἐν
1102 1687 1184 1752 πῶσι
1198 1688 1269 1761 τοῖς

259 1782 298 1854 δι’
317 1783 425 1874 ἡμῶν,
447 1783 517 1855 ἀλλ’
536 1790 571 1856 ἐν
591 1783 723 1867 τούτοις
744 1794 815 1867 τοῖς
830 1792 1014 1877 γινομένοις
1031 1783 1071 1855 δι’
1094 1784 1201 1875 ἡμῶν,
1224 1777 1268 1854 ῶν

258 1884 351 1978 ἡμεῖς
366 1892 424 1956 τού
438 1885 562 1982 πράξαι
576 1893 706 1972 καὶτοῦ
720 1889 765 1979 μὴ
780 1892 902 1983 πράξαι
918 1888 1026 1983 κύριοι
1045 1894 1139 1979 ἐσμέν
1157 1882 1197 1973 4).
1229 1884 1268 1956 Ὁ

258 1990 323 2080 γὰρ
344 1988 582 2080 βουλευόμενος
598 1995 676 2085 ’περί
696 2018 802 2075 τινος,
829 1991 906 2075 ἤτοι
926 1999 999 2086 περὶ
1020 1997 1079 2063 τοῦ
1101 1996 1167 2060 δεῖν
1184 1989 1268 2061 ἀυτῶ

258 2091 430 2186 πρύττειυ,
451 2093 473 2178 ἢ
491 2091 536 2183 μί
559 2091 714 2188 πράττειν
735 2093 944 2183 βουλεύεται,
965 2094 987 2180 ἢ
1012 2093 1203 2178 σπουδάζων
1224 2092 1268 2176 ῶς

259 2204 331 2289 περὶ
346 2195 491 2285 ἀγαθῶν
504 2223 553 2280 τι,
581 2201 672 2282 ζητεῖ
682 2197 721 2267 δι’
742 2191 785 2266 ῶν
800 2197 840 2268 ἀν
856 2196 978 2268 τούτου
995 2197 1107 2289 τύχοι·
1129 2196 1191 2288 κᾷν
1207 2206 1268 2290 μέν

259 2296 411 2394 ἀδυνάτῳ
422 2307 486 2369 τινί
500 2303 601 2383 ζητῶν
612 2297 691 2398 τύχη
708 2305 758 2384 ⁵),
781 2305 840 2370 τοῦ
853 2311 914 2390 μέν
928 2299 1114 2390 ἀφίσταται
1125 2297 1165 2384 6),
1186 2298 1267 2394 ἀφί*

260 2427 382 2470 σταται
398 2405 434 2471 δέ
456 2399 576 2492 ὁμοίως
597 2403 736 2474 καὶτῶν
757 2401 905 2474 δυνατῶν
918 2413 994 2494 μέν,
1030 2401 1090 2474 οὐκ
1108 2403 1210 2474 ὄντων
1230 2408 1267 2474 δέ

229 2579 231 2584 ,
259 2501 304 2572 ἐπ’
321 2503 427 2600 ἀυτῶ,
448 2511 535 2596 μένει
550 2511 585 2575 δέ
600 2507 629 2590 7)
645 2511 678 2576 ἐν
692 2525 730 2603 τη
744 2515 817 2600 περὶ
828 2512 887 2576 τοῦ
898 2513 1111 2601 προκειμένου
1125 2503 1266 2592 ζητήσει,

258 2612 317 2688 ἕως
332 2605 373 2677 ἀν
384 2606 497 2706 ἐντύχῃ
507 2617 587 2694 τινί,
603 2607 642 2680 ὁῦ
652 2609 712 2692 τὴν
726 2613 875 2694 ἐξουσίαν
889 2611 991 2692 ἀυτός
1005 2613 1087 2701 ἔχειν
1096 2613 1266 2680 πεπίστευ-

258 2737 335 2795 ται,
357 2710 436 2799 μεθ’
454 2709 474 2778 ίί
490 2693 699 2801 παυῶάμενος
712 2716 771 2783 τού
787 2712 1013 2802 βουλεύεσθαι
1032 2711 1075 2795 ῶς
1092 2712 1268 2804 ἀναγαγῶυ

258 2812 318 2898 τὴν
332 2813 465 2898 ζήτησιν
481 2813 529 2912 ἐφ’
543 2813 643 2898 σἰυτὸ,
658 2812 774 2886 δ’ἐστὶν
786 2815 869 2910 ἀρχὴ
881 2821 945 2887 τῶν
954 2814 1109 2911 πράξεων,
1131 2816 1268 2908 ἄρχεται

258 2920 316 3000 τῆς
329 2917 413 3012 πρὸς
423 2918 462 2986 τὸ
479 2921 709 3012 προςκείμευον
722 2917 877 3012 πράξεως.
909 2924 1041 2989 Γίνεται
1054 2925 1090 2989 δέ
1108 2928 1162 2989 καὶ
1178 2918 1199 3004 ἡ
1214 2918 1269 3004 ζύ·

258 3046 353 3104 τησις
363 3019 453 3116 ἀυτῶ
471 3020 514 3102 ῶς
528 3025 676 3106 ἐξουσίαν
691 3025 796 3113 ἔχοντι
811 3027 870 3117 τού
881 3011 1037 3117 πράττειν
1054 3021 1164 3093 καὶτὰ
1178 3022 1269 3094 ἀντι·

258 3127 403 3215 κείμενα·
418 3123 500 3194 καθ’
514 3131 654 3195 ἕκαστον
667 3127 733 3218 γὰρ
744 3129 808 3196 τῶν
819 3124 883 3194 ύπὸ
897 3125 956 3208 την
969 3125 1121 3214 βουλὴνὴ
1136 3125 1270 3212 ζήτησις

259 3233 486 3322 βουλευομένῳ
503 3231 642 3318 γίνεται,
655 3248 657 3252 ’
670 3227 809 3321 πότερον
820 3232 936 3312 τοῦτο,
957 3226 979 3312 ἢ
994 3229 1032 3298 τὸ
1050 3228 1270 3320 ἀντικείμενον

186 3383 192 3392 -
258 3330 348 3427 ἀυτῶ
380 3338 544 3423 πρακτέον
566 3359 646 3422 μοι,
683 3330 745 3424 κάν
765 3327 873 3400 πάυτα
902 3337 979 3429 λέγῃ
1003 3335 1160 3420 γίνεσθαι
1183 3330 1266 3403 καθ’

260 3437 472 3526 ἐιμαρμέυην
495 3438 613 3524 ἐλέγχει
629 3432 694 3526 γὰρ
709 3432 729 3518 ἡ
744 3437 777 3503 ἐν
788 3441 857 3514 τοῖς
871 3443 1030 3529 πρακτοῖς
1044 3432 1198 3521 ἀλύέίειοιΙ
1209 3434 1270 3516 τὰς

259 3546 333 3630 περὶ
344 3535 453 3607 ἀυτῶν
466 3536 699 3630 ἡμαρτημένας
713 3533 820 3620 δόξας.
841 3533 909 3608 Ἢν
922 3535 1048 3622 πλάνην
1058 3542 1173 3618 κοινῶς
1186 3535 1269 3608 ποίν-

261 3667 321 3721 τας
336 3638 539 3734 ἀνθρώπους
556 3638 621 3708 ὑπὸ
636 3643 693 3723 τῆς
704 3638 833 3735 φύσεως
851 3643 1104 3724 πεπλανῆσθαι,
1126 3644 1194 3722 πῶς
1208 3638 1270 3710 οὐκ

261 3743 385 3814 ἄτοπον
401 3748 521 3831 λέγειν,·
545 3736 671 3836 ὅτιγὰρ
686 3741 808 3828 ταύτην
819 3745 900 3832 ἐχειν
914 3743 974 3827 τὴν
988 3746 1136 3826 ἐξουσίαν
1151 3748 1184 3812 ἐν
1198 3751 1269 3823 τοῖς

261 3854 422 3940 πρακτοῖς
446 3842 710 3940 προειληφαμεν,
748 3844 791 3927 ῶς
812 3843 984 3916 δύνασθαι
1003 3851 1214 3938 διαιρεῖσθαι
1228 3844 1268 3915 τὸ

261 3949 500 4038 ἀντικείμενον,
534 3949 651 4040 καὶμὴ
672 3953 737 4018 πάυ
756 3947 774 4018 ὁ
793 3946 985 4041 ἀιρούμεδα
1001 3950 1267 4044 ἕχειιι,,προκαταρ
