2782 4790
252 343 329 451 ιἰι·

247 547 377 648 γνιόμης
400 551 506 640 δεξιά,
537 559 593 624 καὶ
611 552 713 652 ταύτῃ
736 552 867 648 συνῳδοί
887 551 931 626 τά
953 551 1046 646 παρά
1071 549 1256 644 τῆςτύγης,

250 663 296 739 έις
317 661 454 739 ἑαυτούς
474 661 600 749 μᾶλλον
624 656 645 740 ἢ
667 658 726 740 τὴν
754 661 951 749 ίιμαρμένηυ
975 656 1033 740 την
1058 654 1169 726 άιτίαν
1198 661 1258 724 τῶν

247 767 445 851 γιγνομένων
484 759 696 830 ἀνάπτουσιν.
744 759 864 828 ’Ἁλλοι
897 757 928 827 δ
966 757 1008 827 όῦ
1039 763 1103 828 τῶν
1136 759 1164 841 ⁸)
1199 767 1257 848 μὲν

247 867 358 947 δεξιῶν
379 860 533 933 ἁπάντων
552 861 578 947 ’ἢ
598 862 735 943 ἑαυτούς
761 860 784 947 ἢ
808 863 846 930 τό
863 869 962 933 θεῖον
984 856 1173 944 άιτιῶνται,
1209 866 1258 930 ἐπί

247 970 283 1034 δέ
306 975 375 1046 τοῖς
396 969 541 1060 χείροσιν
566 969 763 1055 ἐπιβοῶνται
785 965 844 1050 τὴν
863 969 1069 1057 ἐιμαρμένην.
1114 961 1205 1034 Ἒισὶ
1226 968 1261 1032 δέ

248 1095 332 1150 τινες
349 1077 405 1138 καὶ
422 1067 537 1158 γόητες
554 1067 748 1162 ἄνθρωποι,
771 1066 803 1138 ὁί
822 1095 905 1148 τινες
925 1064 1190 1151 κατανοήσαντες
1203 1065 1260 1150 τὴν

247 1173 312 1242 τῶν
335 1176 473 1252 πολλῶν,
498 1160 679 1242 ἀσθένειαν
703 1179 775 1265 περὶ
811 1171 871 1255 τὴν
899 1174 957 1256 τῆς
983 1175 1179 1264 έιμαρμένης
1207 1175 1261 1238 καὶ

246 1278 312 1343 τῶν
329 1272 399 1344 κατ’
427 1273 531 1358 άυτὴν
547 1281 744 1365 γιγνομένων
765 1277 892 1370 κρίσιν,
920 1282 976 1345 καλ
1000 1274 1039 1343 τό
1060 1271 1179 1367 ῥᾴδιον
1203 1270 1261 1342 ἆυ-

247 1379 310 1446 τῶν
325 1376 381 1446 διόι
400 1381 579 1472 φιλαυτίαν
596 1387 652 1446 καὶ
673 1377 711 1446 τὸ
732 1383 834 1498 μηδὲν
851 1374 967 1474 όιυτοῖς
980 1385 1127 1447 συνεῖναι
1142 1373 1262 1460 δεξιόν,

247 1478 330 1604 πρός
346 1483 455 1549 πίστιν
476 1484 536 1549 τοῦ
553 1477 683 1550 πάντων
703 1485 767 1550 τῶν
782 1477 1059 1574 ἁμαρτανομένων
1073 1478 1134 1564 τὴν
1149 1483 1263 1602 ἑιμαρ-

247 1589 346 1669 μένην
366 1582 568 1666 αιτιᾶσθαι,
597 1581 841 1684 άποφαίνσνται
862 1587 928 1654 πᾶν
946 1581 985 1652 τό
1003 1580 1197 1672 γιγνόμενον
1215 1583 1263 1670 γί

246 1690 393 1773 γνεσθαι
408 1684 522 1755 καθ’
507 1692 719 1812 ειμαρμένην,
740 1694 796 1756 καὶ
816 1692 927 1777 τέχνην
940 1683 1176 1780 ύποκρίνονταί
1192 1711 1262 1754 τινα
1275 1769 1277 1774 Ι

248 1785 426 1872 τοιαύτην,
462 1787 543 1858 καθ’
579 1786 619 1874 ἣν
645 1798 750 1884 φασὶν
782 1787 847 1860 όῖοί
875 1815 909 1864 τε
936 1793 1020 1859 ἐῑναι
1045 1786 1159 1858 πάντα
1183 1815 1262 1882 προ·

247 1889 437 1980 γιγνώσκειν
467 1918 500 1962 τε
533 1899 590 1962 καὶ
614 1890 836 1987 προμηνύσειν
864 1891 905 1962 τά
933 1891 1082 1972 ὁπωςούν
1111 1889 1264 1982 ἐσόμενα,

247 1995 293 2086 τῷ
313 2000 416 2084 μηδὲν
441 1993 549 2066 ἀυτῶν
576 1998 756 2084 γίγνεσθαι
781 2003 881 2088 χωρίς
906 1992 1050 2083 ἀνάγκης
1076 1994 1185 2076 τινὸς,
1225 1989 1265 2078 ἣν

248 2100 444 2191 ίιμαρμένην
472 2104 621 2188 λέγουσι·
654 2107 710 2168 καὶ
735 2096 893 2188 λαβόντες
919 2096 1074 2187 βοηθούς
1105 2095 1185 2179 τούς
1211 2107 1264 2170 καί

247 2202 307 2283 τῆς
327 2205 440 2290 τέχνης
461 2199 568 2272 ἀυτῶν
583 2199 726 2284 ἆιτίους,
748 2200 972 2271 ἀναπείθουσι
994 2199 1070 2280 τούς
1093 2204 1266 2278 πλείστους

248 2305 313 2372 τῶν
327 2301 532 2395 ἀνθρώπων,
554 2307 588 2373 ἐν
602 2313 675 2386 ταῖς
689 2302 918 2398 περιστάσεσιν
940 2302 1053 2384 άυτοῖς
1073 2307 1265 2393 ἐπιτιθέμε-

249 2433 302 2475 νοι
312 2411 369 2474 καὶ
383 2414 456 2486 ταῖς
473 2415 663 2504 συμφοραῖς
669 2405 771 2498 μόνον
782 2405 841 2476 ούκ
853 2411 1037 2497 ἐυχομένοις
1048 2406 1149 2476 τοῦθ’
1164 2403 1267 2484 ὁότως

248 2507 323 2597 έγον
348 2513 512 2604 φανῆναι,
544 2507 632 2580 κατά
658 2538 733 2580 τινα
760 2507 877 2605 τριβήν
900 2535 934 2578 τε
958 2516 1014 2578 καὶ
1037 2516 1115 2602 περὶ
1136 2507 1182 2578 τά
1199 2534 1266 2578 τοι

249 2613 337 2679 αὕτα
355 2609 485 2682 σύνεσιν
505 2617 534 2696 9)
560 2620 615 2682 καὶ
636 2617 694 2698 τῆς
716 2618 750 2683 ἐν
774 2624 843 2693 τοῖς
864 2608 1029 2691 τοιούτοις
1053 2609 1266 2692 ἀκολουθίας

247 2715 399 2806 θεωρίαν
430 2722 644 2808 προλέγοντες
675 2711 837 2806 ἐυστόχως
863 2714 1029 2785 τινὰτῶν
1060 2721 1136 2796 τοῖς
1163 2712 1267 2795 όύτως

246 2817 376 2907 ἔχουσιν
393 2815 593 2898 ἀκολούθως
607 2822 781 2909 ἐσομένων,
804 2815 846 2898 ὡς
862 2817 902 2902 δὴ
919 2816 1003 2886 τοῦτ’
1021 2821 1056 2885 ἐκ
1072 2821 1135 2901 τῆς
1155 2825 1266 2908 τέχνης

244 2924 306 3003 τῆς
326 2927 400 3013 περὶ
420 2919 480 3004 τὴν
501 2924 697 3015 ίιμαρμένην
718 2927 864 3009 λέγοντες
884 2919 1035 3010 μισθούς
1055 2918 1118 2990 οὐκ
1135 2920 1266 3010 ὀλίγους

188 3053 190 3060 ’
246 3020 328 3115 ὑπὲρ
364 3025 421 3106 τῆς
451 3021 608 3108 τοιαύτης
640 3026 850 3114 κακοτεχνίας
880 3029 1078 3112 ἐκλέγοντες,
1117 3022 1266 3115 ἀσμένως

245 3122 361 3206 άντοῖς
381 3129 445 3195 τῶν
463 3132 669 3220 πειρωμένων
686 3124 842 3196 διδόντων
860 3123 903 3206 ὡς
921 3130 1070 3214 βοηθοῖς
1086 3136 1146 3196 καὶ
1165 3153 1264 3210 συνη-

197 3303 202 3317 ,
244 3225 360 3322 γόροις
385 3233 448 3298 τῶν
476 3229 601 3299 οἰκείων
623 3227 877 3352 ἁμαρτημάτων.
925 3231 964 3298 Οἱ
989 3229 1151 3310 καὶτοὺς
1176 3231 1265 3300 πλεί-

247 3357 346 3414 στους
374 3359 437 3402 των
461 3329 649 3427 ἀνθρώπων
679 3330 949 3418 άναπεπείκασι,
966 3329 1056 3401 διΗ
1037 3335 1161 3424 αργίαν
1182 3331 1266 3427 άηε·

243 3439 362 3522 μένους
384 3439 446 3505 τοῦ
470 3442 616 3518 σκοπεῖν,
654 3429 717 3561 όμη
739 3443 819 3504 ποτέ
847 3439 954 3505 ταῦτα
975 3435 1057 3525 ἔχει,
1090 3443 1150 3506 καὶ
1173 3431 1263 3520 τίςη

244 3533 368 3620 τάξις
352 3563 385 3606 εν
402 3545 473 3620 τοῖς
491 3537 567 3606 όῦσι
587 3565 645 3621 της
617 3541 877 3631 ηίιμαρμένης,
898 3535 1008 3608 πάντα
1025 3536 1069 3606 τά
1081 3536 1265 3630 γιγνόμενα

243 3636 326 3707 καθ’
354 3642 551 3734 ίιμαρμένην
569 3635 747 3728 γίγνεσθαι
768 3647 882 3729 λέγειν.
921 3637 1009 3710 Ἀλλ’
1035 3641 1149 3726 ἐπειδὴ
1179 3645 1264 3732 μηδὲ

244 3746 277 3810 οἱ
299 3737 387 3812 πάνυ
409 3744 469 3828 τὴν
495 3747 690 3835 έιμαρμένην
715 3740 930 3833 ἐπιβοώμενοι
951 3748 985 3813 ἐν
1003 3753 1077 3824 ταῖς
1095 3743 1186 3814 κατά
1206 3743 1266 3813 τόν

243 3846 318 3931 βίον
340 3843 494 3940 πράξεσιν
519 3851 620 3943 ἐκείνη
649 3850 827 3941 φαίνονται
850 3843 960 3915 πάντα
990 3853 1264 3929 πεπιστευκέναι,

242 3945 377 4031 (ἱκανόν
414 3947 479 4041 γάρ
510 3949 661 4034 τάληθὲς
694 3954 899 4040 μαχομένους
931 3946 1052 4030 ἀστούς
1083 3945 1264 4046 ἀποφῆναι
