2758 4790
266 423 326 506 ἠε
423 477 426 480 -

266 611 360 678 θεῶν
382 605 491 678 οὐκέτι
513 601 671 698 ἀόριστον
692 597 761 669 ἀλλ’
786 597 978 691 ὡρισμένον.
1036 598 1145 681 Δῆλον
1166 589 1234 666 δέ
1225 589 1310 666 ότι

266 719 322 780 καὶ
343 713 382 807 τῇ
404 707 547 802 ἡμετέρα
568 703 684 796 γνώσει
706 703 847 773 δυνατὸν
876 700 1061 795 ὡρισμένως
1081 709 1161 770 ποτέ
1181 698 1278 789 μνιό-

269 819 418 909 σκεσθαι
450 811 489 881 τό
521 806 744 901 ἐνδεχόμενα,
784 799 839 875 ὅτε
867 805 944 875 οὐδὲ
972 806 1091 898 κυρίως
1118 804 1167 873 έτι
1189 805 1278 872 ἔστιν

266 913 493 1007 ἐνδεχόμενον,
523 911 593 982 ἀλλ’
617 909 690 996 ξ
617 937 814 998 αναγκης
835 906 1024 978 ἀκολουθεῖ
1041 913 1112 989 τοῖς
1132 932 1279 1028 προηγη-

268 1024 425 1109 σαμένοις
453 1015 573 1097 ἀιτιοις
604 1019 664 1099 τῆς
695 1016 815 1084 ἑαυτοῦ
846 1009 1033 1102 γεννήσεως.
1095 1009 1164 1094 Τὴν
1198 1013 1281 1098 γοῦν
1308 1069 1309 1072 ,

266 1127 418 1215 σφαῖραν
433 1119 493 1204 τὴν
506 1118 694 1214 ἠρεμοῦσαν
710 1122 743 1188 έν
761 1112 962 1211 παραλλήλῳ
984 1118 1031 1209 τῷ
1053 1112 1195 1208 ὁρίζοντι
1210 1118 1281 1182 ἐπι·
1310 1191 1315 1204 ,

267 1227 372 1318 πέδῳ,
408 1221 550 1294 δυνατὸν
575 1231 636 1311 μὲν
665 1225 724 1290 τοῦ
753 1225 906 1290 ἐπιπέδου
935 1219 994 1303 την
1022 1215 1127 1301 ἀυτὴν
1148 1217 1282 1307 ἔχοντος

266 1329 560 1396 θέσινκινεῖσθαὶ
582 1353 616 1394 τε
637 1322 701 1394 ὑπό
723 1350 813 1405 τινος
833 1331 890 1393 καὶ
910 1321 974 1413 μὴ,
995 1327 1054 1392 τοῦ
1074 1326 1188 1410 μέντοι
1210 1324 1282 1390 ἐπι-

266 1425 367 1499 πέδου
389 1435 582 1510 κλιθέντες,
603 1428 648 1516 μὴ
671 1433 842 1498 κινεῖσθαι
865 1425 1039 1497 ἀδύνατον.
1085 1422 1150 1496 Λιά
1171 1427 1282 1494 ταῦτα

265 1532 420 1613 καὶτοὺς
442 1531 579 1624 ἰατροὺς
608 1528 733 1623 ὁρῶμεν
762 1527 818 1599 ὁτὲ
845 1540 904 1620 μέν
934 1528 1030 1600 οῦδὲν
1058 1529 1282 1622 θαρροῦντας

265 1635 524 1731 ἀποφαίνεσθαι
553 1641 626 1729 περὶ
655 1637 720 1703 τ’ῦν
749 1631 943 1728 ἀρρώστων,
976 1637 1037 1703 έέτε
1069 1629 1283 1719 έηιανοῦσιν,

163 1730 167 1744 “
263 1743 326 1808 έέτε
350 1736 615 1834 φθαρήσονται,
646 1734 689 1818 ὡς
710 1735 751 1806 ἀν
772 1741 986 1828 ἐνδεχομένων
1007 1735 1109 1829 όντων
1131 1733 1283 1830 ἀμφοτέ-

262 1867 347 1935 ρων,
381 1838 436 1910 ὁτὲ
458 1845 494 1910 δὲ
516 1837 756 1921 ἀνενδοιάστως
776 1849 850 1933 περὶ
871 1845 932 1910 τοῦ
953 1843 1065 1933 ἑτέρου
1087 1836 1214 1910 τούτων
1237 1837 1282 1920 ὡς

266 1946 313 2039 τῷ
333 1940 494 2039 ἀρρώστῳ
516 1941 646 2024 πάντως
667 1971 721 2013 τοι
739 1943 949 2038 ὑπάρξαντος
970 1941 1272 2040 ἀποφαινομένους.

322 2149 412 2222 Ἐπεὶ
434 2157 471 2222 δέ
491 2161 577 2234 τινες
599 2149 815 2247 θρασύτερον
832 2150 1118 2249 ἀναστρεφόμενοι
1131 2159 1207 2246 περὶ
1221 2149 1282 2236 τὴν

263 2250 397 2340 ζὴτηῦιν
425 2259 485 2324 τοῦ
511 2263 726 2348 προκειμένου
757 2254 983 2378 θεωρρματος
1004 2255 1133 2326 όίονται
1154 2253 1282 2326 δεικνῦ-

264 2385 320 2427 ναι
340 2355 424 2449 μηδὲ
445 2385 516 2439 τοις
536 2356 680 2439 θεοις“
654 2365 839 2482 ωρισμέυην
852 2357 1067 2486 ὑπάρχουσαν
1081 2361 1202 2448 γνῶσιν
1217 2363 1283 2429 τῶν

268 2465 497 2550 ἐνδεχομένων,
516 2461 904 2556 χρησμοῦςπαράμοντες
926 2461 1004 2553 ἡμῖν
1024 2471 1097 2590 περὶ
1119 2463 1183 2532 τῶν
1203 2468 1283 2552 μελ

267 2562 391 2634 λόντων
405 2562 657 2691 ἀμφιβόλως
638 2573 932 2662 αποφηναμένους,
965 2571 1080 2661 ῥητέον
1106 2564 1191 2688 πρὸς
1222 2563 1283 2636 ἀν·

249 2665 367 2747 ποῦς,
398 2661 482 2761 ἀπερ
506 2665 524 2735 6
546 2673 649 2758 μέγας
671 2678 754 2765 φησὶ
775 2663 1015 2764 Συριανός,’
995 2697 1049 2740 οτι
1069 2674 1200 2764 πρῶτον
1221 2680 1283 2761 μὲν

269 2765 458 2864 έφιστάυειν
473 2772 584 2863 έχρῆν,
609 2770 652 2852 ὡς
674 2772 758 2857 ἀλλη
779 2805 803 2864 μ
806 2783 840 2844 ἓν
861 2777 951 2843 ἔστιν
971 2772 993 2858 6
1015 2777 1079 2843 τῶν
1093 2776 1185 2842 θεῶν
1199 2777 1283 2862 γνῶ-

145 2918 150 2929 ·
204 2908 212 2921 ·
266 2897 319 2953 σις
341 2881 396 2944 καὶ
417 2869 548 2958 νόησις,
584 2878 679 2969 έτέρα
707 2882 744 2946 δὲ
766 2874 786 2961 6
809 2879 868 2961 τῆς
889 2874 1098 3006 προφήτιρος
1119 2880 1283 2971 ἐνέργεια,

264 2978 461 3061 κινηθείσης
480 2987 541 3066 μὲν
563 2983 597 3048 έκ
617 2984 728 3064 θεοῦ,
750 2979 963 3066 τεκοόσηςὲ
928 2987 963 3050 δὲ
986 2985 1019 3052 έν
1041 2980 1124 3078 ἀυτῇ
1145 2989 1203 3051 καὶ
1224 2981 1282 3052 λό-
1311 3043 1313 3050 ,

263 3105 324 3167 μον
343 3078 517 3174 μεριστὸν,
539 3089 595 3152 καὶ
616 3088 742 3177 μέτρα,
765 3093 821 3153 καὶ
842 3087 962 3174 γνῶσιν
984 3057 1200 3210 ἀμφίρόλον
1233 3085 1280 3156 Οῦ

261 3179 328 3276 γάρ
350 3211 403 3252 τοι
425 3182 464 3252 τὸ
487 3185 735 3309 ἕλλαμπόμευου
757 3185 910 3258 τοιοῦτόν
933 3215 1022 3260 εστιν
1029 3243 1061 3272 ,
1072 3187 1144 3257 όῖον
1166 3187 1206 3257 τὸ
1228 3193 1281 3258 έλ-

193 3307 196 3314 ·
262 3283 453 3375 λάμπου,’
434 3316 545 3358 επειτα
568 3288 636 3359 ‹53‘
589 3284 678 3360 ὲότι
700 3299 756 3360 καὶ
777 3295 837 3360 τοῦ
856 3297 1084 3386 συμφέροντος
1098 3298 1201 3362 ἕνεκεν
1215 3296 1281 3362 τῶν

261 3387 450 3461 ἀκουόντων
471 3390 632 3474 πολλάκις
653 3393 837 3488 ἀμφίβολοι
859 3398 1010 3464 δίδονται
1028 3403 1191 3489 χρησμοὶ,
1219 3395 1281 3519 τρυ

262 3489 456 3562 διάνοιαν
436 3499 552 3566 αυτῶν
566 3494 784 3586 γυμνάζοντες
804 3503 841 3582 ¹.)
887 3499 1097 3590 Χρῶνται
1060 3527 1124 3592 γαρ
1140 3496 1219 3622 ἡμῖν
1233 3497 1279 3580 ὠς

264 3593 492 3680 ἀυτοκινήτοις
515 3605 546 3666 οἱ
568 3605 666 3682 θεοὶ,
695 3609 751 3670 καὶ
774 3605 892 3671 τοῦτον
914 3599 972 3672 τὸν
993 3599 1117 3693 τρόπον
1140 3601 1182 3671 τά
1203 3611 1278 3696 περὶ

263 3694 353 3787 ἡμας
375 3703 573 3793 κυβερνῶσι,
610 3711 665 3802 καὶ
687 3702 795 3775 πάντα
817 3701 895 3793 ἡμῖν
916 3704 1002 3774 κατὰ
1023 3706 1082 3790 τὴν
1102 3703 1195 3797 ἡμῶν
1217 3707 1277 3775 ἀυ-

264 3803 329 3870 τῶν
349 3798 488 3884 ἀξέαν’
466 3793 697 3894 απονέμουσιν.
747 3805 853 3877 Ἀλλόι
880 3813 987 3890 ταῦτα
1019 3819 1079 3889 μὲν
1112 3813 1190 3890 ἴσως
1222 3818 1277 3878 καὶ
1367 3850 1372 3857 ·

263 3902 436 3997 τολμηροὶ,
472 3913 529 3974 καὶ
557 3911 621 3977 τῶν
647 3917 866 4002 προκειμένων
895 3915 940 3991 έις
973 3915 1118 3995 ἐξέτασιν
1144 3912 1277 4007 μακρὰν

264 4003 536 4096 ἀποπλανώμενα.
