2828 4792
1058 404 1158 476 [75

133 584 247 645 rendae
276 591 502 659 santonicae,
540 584 582 646 ita
610 593 646 646 ut
670 583 807 647 bominis
833 600 925 646 carisa
951 583 991 646 sit
1012 583 1129 658 horno,

134 683 206 767 equi
224 705 358 766 equus‚·
377 685 464 747 cuius
490 683 537 748 rei
557 706 669 748 causae
689 699 761 750 sunt
782 685 919 768 primuni
936 684 976 762 ii,
1001 685 1055 768 qui
1076 707 1133 747 ex-

130 797 237 869 pertes
253 771 354 850 ¹fuere
379 787 541 872 coniugii,
587 788 696 852 deinde
723 801 753 852 et
781 789 874 853 liberi
903 800 972 852 aute
1002 800 1134 852 aetatem

131 887 273 952 mortui?
290 931 292 936 -
307 889 414 952 Multa
439 890 557 974 qnippe
581 911 691 954 eorum
714 914 794 975 quae
816 893 910 969 fiunt,
948 892 1021 955 ideo
1048 893 1135 974 quod

132 1013 196 1055 non
230 993 270 1056 ad
296 987 408 1054 iustam
439 993 683 1078 magnitudinem
717 995 917 1058 excreverint
933 1027 965 1071 ‚1
990 1004 1044 1057 aut
1071 1016 1136 1057 uon

131 1106 310 1171 commota,
335 1105 389 1157 aut
401 1095 585 1180 priusquam
600 1109 878 1161 commoverentur
892 1099 1046 1165 exstincta
1061 1097 1133 1172 sint,

131 1219 169 1264 eo
185 1197 361 1279 pervenire
383 1219 448 1261 non
468 1210 659 1280 potuerunt,
682 1210 719 1260 ut
743 1199 790 1262 rei
812 1199 940 1265 aiictrius
964 1222 1057 1262 causa
1078 1221 1137 1281 per

130 1301 326 1366 efficientiam
346 1301 429 1364 intra
449 1302 518 1385 ipsa
540 1301 741 1366 constitutam
761 1302 887 1366 fierent.
933 1300 1031 1368 Cuius
1043 1323 1137 1383 prae·

130 1417 228 1468 teres
244 1425 464 1468 causam·esse
492 1405 597 1468 dicent
624 1425 676 1468 eas
699 1415 779 1490 quae
800 1405 835 1468 in
856 1404 1041 1489 quibusdam
1064 1424 1137 1466 cor·

130 1507 221 1592 poris
239 1507 383 1590 partibus
406 1519 595 1572 enascuntur
615 1508 864 1591 superfluitates,
896 1507 983 1571 cuius
999 1516 1139 1571 monstra

132 1623 163 1674 et
182 1631 268 1694 quac
289 1623 417 1693 praeter
436 1623 580 1680 naturam
601 1611 704 1675 fiunt?
737 1612 882 1692 Quorum
903 1611 1055 1674 nonnulla
1071 1631 1140 1674 om·

128 1713 205 1778 nino
240 1712 285 1791 ita
321 1714 520 1778 conformata
556 1727 644 1791 sunt,
690 1723 726 1778 ut
766 1717 880 1778 durare
908 1735 973 1776 non
1003 1713 1141 1796 possint.
1190 1701 1192 1708 ¹

132 1817 231 1898 Quod
251 1815 280 1881 si
299 1815 331 1880 in
352 1816 469 1898 plantis
492 1830 606 1882 cortex
626 1817 741 1900 pulpae
764 1839 873 1895 causa,
892 1817 996 1900 pulpa
1016 1817 1139 1880 fructus
1215 1825 1219 1839 ”

130 1920 248 2002 ipsius,
275 1932 316 1982 ¹ct
336 1918 489 2005 irrigatur
510 1922 617 2003 planta
638 1933 675 1983 ut
696 1923 815 1997 alatur,
846 1921 947 1983 ulitur
968 1941 1068 1996 uero,
1094 1930 1142 1982 ‚ut

130 2024 271 2086 fructum
301 2024 388 2097 edat3
424 2023 521 2085 multa
542 2023 574 2085 in
596 2023 657 2086 iliis
679 2023 821 2105 reperire
844 2036 900 2086 est
914 2043 994 2106 quae
1015 2044 1080 2086 non
1102 2025 1141 2084 ad

98 2121 103 2132 '
132 2147 202 2188 eum
225 2128 353 2190 modurn
374 2126 463 2188 fiant.
509 2126 654 2207 Quorum
683 2124 764 2188 enim
787 2128 1042 2207 consequentium
1066 2145 1141 2191 cau·

115 2247 183 2292 'sas
205 2251 276 2293 esse
299 2229 435 2292 dicemus
459 2247 514 2291 eos
536 2228 683 2304 fructus,
720 2227 774 2312 qui
803 2239 858 2290 aut
876 2239 1066 2310 putruerunt
1088 2239 1144 2290 aiut

133 2343 347 2410 exaruerunt,
386 2343 440 2395 aut
460 2331 538 2396 solia
559 2331 743 2415 geminata?
786 2333 865 2396 Inde
887 2330 1084 2393 manifestum
1105 2329 1143 2392 iit
1185 2363 1187 2370 >

135 2435 280 2499 omuibus
294 2477 298 2484 ,
313 2456 424 2498 verum
454 2434 639 2516 conspicere
667 2435 847 2497 volentibus
877 2446 910 2497 ct
945 2431 1140 2511 valentibus,

135 2537 215 2602 sicut
236 2524 302 2603 non
324 2537 427 2602 omnia
449 2550 522 2621 apta
543 2539 676 2600 suntad
697 2539 870 2623 agendum,
901 2536 945 2599 ita
966 2557 1034 2600 uec.
1048 2557 1146 2599 omne-

135 2643 222 2723 quod
254 2640 324 2703 fieri
347 2662 446 2711 causa
473 2653 605 2723 posset,
641 2663 767 2704 causam
796 2652 882 2703 certe
911 2652 975 2703 aut·
991 2661 1059 2703 esse
1091 2651 1145 2702 aut

133 2742 229 2807 fuisse
252 2755 306 2805 a'ut
332 2743 473 2807 futurum
495 2765 582 2820 esse,
625 2765 684 2810 uec
716 2766 808 2808 omne
841 2747 930 2827 quod
961 2744 1079 2808 factum
1104 2743 1147 2806 sit

125 2847 239 2912 'statim
268 2848 307 2909 ab
334 2843 462 2931 'origine
495 2868 551 2908 sua
584 2867 708 2910 causam
737 2868 805 2910 esse
837 2846 937 2910 futuri
971 2848 1141 2912 cuiusdam.

136 2949 228 3014 Haec
257 2959 361 3016 autem
392 2950 460 3030 ipsa
493 2971 679 3034 agnoscere«
695 2949 777 3012 inter
807 2949 1043 3031 disputandum,
1090 2952 1146 3014 sed

138 3073 175 3116 eo
195 3053 377 3136 confugere
400 3054 486 3134 quod
507 3042 661 3114 incertum
683 3051 741 3126 sit,
777 3051 864 3113 cuius
894 3052 947 3115 rei
966 3054 1054 3118 istae
1084 3054 1146 3117 sint

136 3155 267 3230 cauae,
306 3157 413 3237 (quod
435 3167 466 3217 et
494 3155 577 3218 eirca
598 3153 831 3237 providentium
853 3155 978 3237 qualem
998 3155 1061 3236 ipsi
1081 3169 1144 3218 sta·

135 3269 227 3320 tuunt
248 3257 355 3320 facere
383 3278 478 3338 saepe
508 3258 715 3343 coguntur),'
745 3257 777 3320 id
805 3279 886 3321 vero
915 3269 969 3320 est·
989 3259 1021 3321 in
1050 3260 1145 3320 rebus
1229 3305 1234 3309 -

135 3360 405 3424 inextricabilibus
422 3360 547 3424 facilem
562 3361 667 3425 moliri
687 3361 817 3423 exitum.
849 3363 932 3423 Nam
951 3359 978 3422 si
991 3360 1034 3424 ita
1050 3381 1151 3444 agere

136 3463 250 3540 liccam·
278 3463 355 3526 nihil
374 3463 514 3528 obstabit
536 3465 703 3547 quominus
727 3466 764 3526 de
786 3463 823 3526 iis
851 3484 931 3547 quae
955 3475 1028 3526 sunt
1052 3465 1145 3546 plane

138 3569 269 3643 absone,
294 3565 417 3629 dicatur
438 3580 470 3630 et
491 3587 559 3630 esse
581 3589 639 3644 ea,
665 3579 696 3630 et
717 3567 839 3632 ratione
860 3567 1005 3634 fundatas
1027 3569 1144 3632 habere

137 3675 268 3745 causas,
293 3671 429 3736 sedtnos
450 3672 595 3736 latentes.
809 3717 811 3724 ,

573 3775 709 3838 XXIV.
746 3832 749 3838 .

199 3877 291 3940 Haec
311 3873 399 3961 'ergo
428 3876 473 3940 sic
501 3899 571 3940 cirin
601 3899 635 3941 se
648 3917 651 3926 ι
663 3879 821 3953 habeant,
865 3891 926 3942 out·
944 3879 999 3950 iiet
1016 3878 1147 3962 -aliquid

137 3979 202 4042 sine
218 4001 329 4054 causa,
352 3991 385 4042 et
406 3981 469 4044 hoc
492 3993 539 4044 est
561 3984 647 4064 quod
668 4003 730 4045 nos
751 3981 960 4059 defendimus,
986 3994 1038 4045 aut
1057 3993 1143 4045 certe
