2782 4790
118 600 248 665 extendi
276 603 357 662 hanc
385 602 599 684 quaestionem
631 603 723 668 facile
756 599 924 692 intelligas.
982 609 1063 671 Nam
1096 621 1127 672 et

119 705 311 789 Theologus
334 716 465 786 quaeret
483 709 744 788 quemadmodum
762 711 971 776 Providentia
993 735 1043 776 res
1066 716 1126 776 hu-

119 830 225 871 manas
245 808 421 893 gubernet,
445 807 537 870 etiam
561 831 610 872 an,
626 811 730 874 omnia
757 813 882 892 definite
901 827 932 878 et
958 837 999 878 ex
1017 837 1126 880 neees-

116 910 264 992 cessitate
297 909 374 972 fiant
402 931 483 994 quae
508 911 605 988 fiuant,
640 925 675 975 ut
706 914 760 978 illa
792 938 872 1000 quae
900 917 1006 981 insunt
1029 921 1127 981 rebus

115 1012 271 1089 aeternis,
309 1034 349 1075 an
370 1035 451 1078 vero
478 1014 540 1078 sint
570 1027 601 1077 et
627 1020 779 1098 quaedam
804 1032 934 1083 eventm
961 1021 1122 1104 ancipitis,

115 1137 255 1200 quorum
277 1115 433 1201 originem
459 1119 499 1180 ad
531 1139 640 1182 causas
666 1120 872 1207 particulares
903 1123 1019 1188 etalio
1045 1136 1125 1188 tem·

114 1242 196 1303 pore
222 1220 313 1284 aliter
333 1241 366 1282 se
388 1220 539 1284 habentes
560 1220 683 1284 referre
707 1234 868 1305 oporteat.

179 1323 245 1387 Sed
265 1344 368 1407 aequm
391 1323 484 1405 plane
507 1324 601 1386 rudes
623 1323 763 1406 reperias
790 1325 1001 1411 cogitationes
1024 1351 1122 1412 super

111 1427 195 1488 hanc
213 1426 429 1509 quaestionem
454 1426 638 1512 negligere,¹
660 1429 718 1490 sed
744 1439 776 1490 et
796 1429 856 1493 hos
878 1429 1026 1512 quidem,
1051 1443 1121 1496 tan·

107 1550 208 1612 ¹quam
231 1527 335 1591 omnia
358 1529 436 1592 fiant
458 1529 638 1594 necessario
672 1551 709 1592 ea
742 1551 822 1614 quae
852 1545 986 1613 peccant
1019 1533 1122 1617 impu·

111 1643 180 1694 tare
205 1631 309 1708 Fato,
349 1643 403 1694 aut
431 1617 651 1714 proiidentiae
682 1633 805 1698 divinae
832 1645 886 1698 aut
916 1635 1048 1719 geniali,
1088 1649 1123 1700 ut

111 1733 164 1798 ille
192 1733 247 1818 qui
267 1734 378 1799 inscite
404 1737 488 1817 apud
510 1735 688 1798 Homerum
711 1735 785 1800 dicit

186 1865 423 1882 -----
459 1841 530 1892 Non
548 1839 595 1891 hle
613 1857 667 1907 ego
687 1858 793 1906 causa,
813 1843 866 1894 sed
882 1848 944 1911 lpse

187 1943 302 2011 Iupiter
321 1959 355 1995 oe
373 1943 477 1996 Fatum
497 1959 621 2011 qraaeqree
640 1919 833 2011 aere'regnat
850 1945 994 2017 Erinnys.

111 2043 208 2106 Alios
235 2063 337 2118 vero,
362 2043 450 2107 velut
469 2043 587 2126 aliquid
608 2044 649 2106 sit
670 2042 701 2105 in
724 2056 835 2108 nostra
858 2057 1035 2128 potestate,
1061 2043 1120 2131 op-

109 2167 232 2228 ponere
253 2166 288 2208 se
308 2145 412 2210 omnia
429 2146 608 2210 necessitati
629 2145 883 2224 subiicientibus,
915 2147 997 2211 velle
1015 2160 1119 2212 autem

111 2261 145 2311 ut
161 2271 223 2314 nos
241 2249 319 2332 ipsi,
354 2261 466 2332 utpote
493 2248 547 2336 qui
572 2272 589 2312 a
611 2249 703 2314 nobis
726 2249 802 2332 ipsis
821 2272 1025 2328 moveamur,
1046 2273 1116 2318 ¹cu·

108 2374 177 2416 ram
201 2374 358 2417 srunamus
380 2351 584 2418 institutionis
606 2365 637 2417 et
659 2352 798 2418 virtutis.

569 2770 600 2849 §a
624 2761 657 2835 3,

174 2875 257 2945 (lum
292 2895 371 2962 ergo
401 2864 482 2939 'haec
514 2872 656 2960 quaestio
689 2887 807 2950 tantam
834 2877 898 2941 vim
933 2873 1047 2942 habeat
1080 2873 1120 2942 ad

109 3001 236 3046 omnem
259 2982 373 3057 vitam,
407 3000 525 3063 operae
552 2978 687 3061 pretium
709 2961 790 3042 'nrihi
819 3002 888 3044 esse
917 2982 1043 3046 videtur
1068 3005 1120 3044 ar-

70 3126 77 3132 ·
109 3098 260 3171 gumenta
293 3083 472 3147 necessitati
507 3093 619 3146 cuncta
656 3095 838 3165 supponere
871 3085 1045 3147 volentium
1082 3106 1119 3148 ea

108 3209 191 3273 quae
216 3173 351 3251 mairime
373 3186 566 3250 audientibus
589 3185 752 3270 negotium
775 3186 881 3249 facere
909 3199 1061 3269 possunt,
1086 3199 1118 3250 et

109 3313 273 3374 exponere
300 3301 331 3352 et
359 3290 545 3354 dissolvere.
596 3287 680 3354 Cum
708 3301 811 3352 autem
841 3303 1024 3374 argumenta
1050 3289 1116 3353 eius

109 3394 235 3480 generis
266 3393 328 3456 sint
357 3396 442 3468 duo,
482 3391 613 3456 alterum
641 3392 741 3478 magis
775 3391 807 3455 in
837 3393 1047 3473 disputatione
1087 3405 1119 3454 et

108 3497 237 3573 verbis,
273 3498 405 3560 alterum
437 3495 538 3580 magis
569 3495 601 3557 in
637 3499 732 3558 rebus
764 3508 811 3558 est
840 3495 979 3577 positum
993 3519 1016 3570 ;·
1038 3495 1116 3558 illud

107 3602 196 3684 quod
219 3611 267 3662 est
290 3599 549 3681 disputatoriam,
579 3599 740 3676 materiam
763 3599 846 3681 capit
867 3600 906 3660 ab
931 3598 1034 3680 aliqua
1055 3608 1115 3661 no*-

109 3715 249 3768 strarnm
278 3702 455 3777 actionum,
490 3713 566 3784 puta
594 3702 767 3776 messione,
803 3703 836 3778 in
869 3703 952 3764 hunc
973 3703 1113 3764 modum.

109 3805 145 3870 si
169 3817 285 3881 metes,
310 3827 375 3868 non
398 3806 483 3869 forte
505 3816 603 3868 metes
629 3815 747 3866 elnon
771 3817 886 3879 metes,
913 3805 968 3867 sed
991 3803 1118 3868 omnino

111 3922 230 3984 metes,
261 3921 297 3971 ¹et
318 3908 429 3972 sinon
453 3903 485 3971 e's
511 3926 694 3982 messurus,
733 3906 804 3988 pari
824 3889 921 3970 modo
947 3925 1014 3970 non
1032 3905 1118 3968 sorte

111 4024 231 4090 metes,
277 4012 364 4076 sorte
402 4029 466 4076 non
498 4023 614 4087 metes,
664 4011 719 4073 sed
745 4009 874 4072 omnino
908 4031 972 4075 non
1004 4019 1116 4072 metes.

784 4113 822 4177 tt
