2828 4792
1106 411 1146 472 69

134 593 169 646 ut
194 591 344 664 precetur
376 579 488 656 Deos,
523 591 557 642 ut
586 581 702 665 gratias
736 581 780 645 eis
804 595 905 669 agat,
944 595 979 646 ut
1010 583 1143 667 denique

134 696 210 769 agat
238 683 406 768 quicquam
435 681 564 760 e‘orum,
602 704 683 767 qnae
712 706 773 766 par
800 697 849 750 est
877 687 947 750 fieri
969 688 1008 749 ab
1030 686 1068 750 iis
1090 687 1145 770 qni

135 790 270 855 credunt
300 786 333 850 in
360 797 520 870 potestate
545 807 614 850 esse
641 787 792 872 cuiusque
822 809 918 876 agere
950 811 1031 873 qnae
1064 789 1155 874 agit,

137 893 209 958 lmo
231 889 297 958 eine
325 889 375 954 his
404 889 477 966 vita,
496 889 658 956 hominum
688 890 790 957 vitalis
818 913 883 958 non
910 894 1019 971 foret,
1058 904 1143 958 certe

138 1017 202 1058 non
223 995 371 1062 humana·

203 1305 267 1372 Sed
286 1305 452 1390 nequidem
473 1306 541 1374 sine
561 1305 703 1372 examine
722 1307 849 1372 transiri
871 1311 988 1386 dehet,
1026 1311 1054 1373 si
1076 1311 1145 1394 qnia

138 1423 238 1495 ponat
265 1408 363 1477 nihilo
390 1409 496 1474 verius
521 1430 591 1476 esse
616 1409 733 1495 aliquid
765 1411 797 1474 in
826 1424 937 1478 nostra
967 1424 1143 1495 potestate,

136 1515 218 1578 siciit
239 1533 300 1578 nos
322 1511 533 1590 adstruimus,
572 1526 603 1577 et
631 1514 701 1596 ipsa
726 1515 819 1579 no'bis
845 1527 1010 1580 attestatur
1038 1537 1146 1579 rernm

137 1621 271 1693 natura,
302 1639 396 1700 quam
418 1617 522 1682 omnia
544 1616 617 1680 Fati
637 1629 668 1681 et
693 1619 886 1682 necessitatis
904 1619 1041 1703 impulsu
1061 1618 1144 1695 fieri,

137 1723 195 1786 sed
222 1719 378 1786 utrumvis
403 1741 446 1782 ex
472 1741 575 1804 aequo
600 1741 669 1784 esse
692 1732 744 1784 aut
763 1734 883 1786 certum
907 1735 960 1786 aut
980 1721 1145 1799 incertum,

138 1836 242 1888 utram
262 1823 449 1886 seutentiam
467 1823 645 1887 hominihus
664 1823 850 1907 persuaderi
874 1824 915 1888 sit
934 1825 1030 1889 tutius
1043 1817 1062 1902 ,⁸
1077 1838 1108 1888 et
1130 1847 1148 1890 a

139 1926 284 2010 periculo
299 1925 463 2002 remotius,
488 1937 519 1988 et
536 1937 608 1997 uter
629 1947 723 1990 error
741 1928 781 1990 sit
796 1927 1011 2004 tolerabilior,
1035 1949 1148 2012 nempe
1228 1933 1229 1936 ’

130 2030 167 2100 ‚si
184 2041 298 2096 cuncta
319 2029 402 2092 Fato
424 2029 521 2106 fiant,
550 2051 615 2093 non
640 2030 673 2096 id
698 2034 849 2106 credere,
888 2034 945 2095 sed
969 2031 1149 2094 existimare

134 2155 199 2198 ‘uos
223 2132 341 2217 aliquid
363 2131 476 2217 agendi
505 2143 649 2195 autnon
675 2131 789 2217 agendi
818 2154 886 2196 esse
912 2133 1075 2210 dominos,
1110 2135 1149 2196 an

135 2243 235 2314 iero,
263 2237 292 2300 si
313 2234 430 2318 aliquid
448 2233 488 2297 eit
504 2233 668 2316 potestatis
687 2247 828 2312 nostrae,
851 2248 887 2298 ut
907 2235 969 2299 iam
986 2257 1054 2298 esse
1070 2235 1150 2299 dixi-

142 2363 229 2418 mus,
254 2337 378 2420 opinari
399 2337 433 2402 id
453 2358 522 2401 esse
543 2337 676 2414 salsum,
709 2351 821 2402 contra
839 2360 919 2404 vero
937 2347 1053 2402 ‘cuncta
1072 2361 1151 2423 quae

135 2444 220 2508 ‘iinnt
245 2442 338 2505 ctiam
370 2462 411 2504 ex
433 2453 546 2506 nostro
576 2441 748 2519 arbitratu,
787 2464 824 2505 ea
856 2442 1036 2506 necessario
1068 2441 1152 2504 fieri.

142 2547 260 2613 Nonne
288 2543 487 2610 manifestum
516 2565 573 2608 eos
594 2544 721 2627 quidem
750 2544 804 2628 qui
829 2545 903 2608 licet
932 2557 1045 2608 cuncta
1069 2545 1152 2608 Fato

144 2651 241 2727 fiant,
280 2650 411 2710 credant
439 2659 544 2711 tamen
575 2647 711 2744 eliquato
743 2669 776 2748 sp
809 2649 926 2712 habere
957 2647 1070 2733 agendi
1101 2643 1157 2710 vel
1264 2710 1270 2729 ,

144 2775 211 2818 non
244 2749 358 2836 agendi
394 2745 603 2833 potestatem,
653 2751 741 2826 ,nihil
776 2751 819 2816 ob
859 2753 941 2814 hanc
973 2750 1155 2834 opinionem

147 2857 231 2919 circa
270 2875 322 2918 res
350 2856 487 2940 agendas
518 2875 670 2935 peccare,
721 2853 793 2939 quia
839 2855 958 2918 scilieet
996 2875 1155 2937 nunquam

147 2958 276 3038 omniuo
319 2956 438 3021 domini
475 2967 565 3019 erant
609 2979 737 3020 suarum
768 2957 946 3031 actionum3
998 2979 1096 3042 qiuare
1125 2957 1158 3032 ¹si

147 3063 217 3146 quis
243 3061 275 3123 in
305 3081 344 3124 eo
371 3059 435 3122 erit
454 3080 569 3134 error,
604 3059 641 3122 iis
670 3060 753 3122 intra
782 3062 880 3122 verba
903 3061 1065 3124 consistet.
1111 3061 1158 3124 At

141 3187 229 3234 ‚vcro
248 3163 275 3227 si
292 3163 383 3226 aliter
395 3183 432 3226 se
457 3183 508 3229 res
526 3164 640 3238 habet,
665 3175 696 3226 et
716 3155 834 3247 aliquid
853 3175 899 3225 cst
918 3175 1046 3227 nostrae
1063 3173 1159 3246 pote-=

149 3267 257 3342 statis,
292 3283 359 3328 nec·
373 3275 485 3326 cuncta
505 3265 582 3328 fiant
602 3265 843 3341 inevitabiliter,
867 3279 899 3328 et
916 3289 974 3330 nos
995 3269 1159 3330 credamus
1270 3275 1278 3300 '

149 3369 263 3434 nirllius
285 3367 418 3431 actionis
440 3388 500 3431 nos
518 3389 587 3430 esse
606 3359 774 3444 dominos,
806 3369 903 3432 multa
929 3372 972 3433 ob
990 3368 1022 3432 id
1038 3373 1158 3450 'possu-

149 3495 218 3538 mus
241 3471 387 3563 omittere
410 3491 521 3534 eorum
543 3491 623 3553 quae
643 3472 713 3534 fieri
735 3451 906 3552 poterant,
932 3493 1074 3556 quaeque
1089 3471 1169 3544 fieri,

142 3577 340 3660 oportebat,
373 3593 486 3656 nempe
515 3573 541 3636 si
567 3573 731 3637 consilium
757 3574 966 3656 cepissemus,
1001 3587 1035 3637 'et
1060 3576 1087 3638 si
1112 3577 1161 3640 la-.

150 3685 248 3745 bores
277 3677 332 3760 qui
363 3679 402 3740 ad
428 3698 479 3740 res
510 3678 646 3762 agendas
679 3689 758 3740 su'nt'
780 3678 969 3754 necessarii,
1007 3683 1162 3761 proinpto

138 3773 397 3864 suscepissemus
419 3780 545 3856 animo,
571 3781 711 3862 adquae
733 3780 801 3844 istis
826 3781 927 3844 modis
950 3783 1071 3866 agenda
1093 3795 1160 3844 tar-

153 3887 266 3951 diore(
282 3879 401 3950 scilicet
427 3905 486 3951 nos
514 3881 626 3946 iecerit
653 3882 712 3945 ista
736 3883 862 3964 opinio,
898 3885 1039 3947 futurum
1069 3884 1162 3954 etiam

152 3977 246 4056 nobie
288 4001 354 4058 non
396 3986 575 4054 curantibus
617 3986 649 4052 id
685 3989 771 4078 quod
797 3987 882 4057 *tieri
920 3999 986 4050 erat
1022 4007 1164 4059 necesse,
