2828 4792
117 1095 119 1100 Ι
220 969 538 1064 ALExnnnm
584 985 1024 1064 Arnnonismnsis
1126 1031 1128 1036 -

382 1173 492 1228 LIBER
517 1173 568 1228 AD
594 1127 857 1230 lMPERATORES

115 1335 173 1399 DE
205 1325 336 1399 FA'To
365 1333 429 1398 ET
458 1334 521 1398 DE
552 1333 615 1397 EO
646 1331 776 1414 QUOD
810 1331 1009 1424 NOSTRAE
1040 1335 1125 1400 EST

465 1445 771 1548 POl'ESTATlS.

397 1593 524 1659 Hngone
543 1589 649 1644 Grotio
667 1593 838 1661 Interprete.

529 1777 722 1788 ——-——-——·

606 1873 643 1988 L.

166 2042 287 2105 'Nnrm
306 2037 382 2101 mihi
399 2037 498 2123 magis
517 2037 549 2102 in
565 2037 649 2100 votis
671 2037 752 2114 fuit,
776 2041 898 2103 'Severe
916 2054 947 2102 et
962 2041 1127 2105 Antonine
1217 2033 1221 2044 “

114 2146 333 2232 Imperatores
354 2141 503 2218 maximi,
530 2161 623 2224 qnam
645 2159 716 2202 oum
735 2140 766 2204 in
781 2143 900 2206 vestris·
913 2163 1013 2205 essem
1032 2144 1126 2220 locis,
1195 2123 1200 2134 i

113 2271 172 2312 vos
200 2244 403 2329 conspicari,
434 2265 494 2310 vos
519 2241 610 2309 affari
632 2255 663 2306 et
681 2243 798 2328 gratias
822 2267 919 2331 agere
939 2267 1001 2329 pro
1021 2247 1128 2310 multis

112 2351 252 2434 acceptis
274 2347 457 2426 beneficiis,
482 2370 546 2412 non
568 2359 688 2410 tanturn
704 2351 791 2432 qnod
805 2353 935 2433 adeptus
958 2367 1027 2413 sum
1046 2344 1129 2434 qnae
1185 2359 1188 2366 '

112 2453 226 2531 volni,
267 2455 323 2516 sed
351 2453 438 2536 quod
464 2451 595 2533 insuper
619 2461 750 2514 ornatus
786 2453 967 2518 testimonio
997 2453 1127 2538 dignum

111 2570 161 2621 'me
194 2555 264 2620 esee
287 2555 341 2640 qni
370 2555 562 2637 adipiscerer
584 2573 665 2638 qnae
693 2557 943 2638 postulaveram.
1002 2558 1128 2620 Verum

112 2683 186 2725 enm
202 2662 251 2724 sas
272 2657 436 2742 permittat
456 2658 505 2735 ei,
531 2657 585 2741 qni
606 2659 637 2722 in
658 2660 783 2741 templis
806 2654 881 2742 ipsis
903 2681 1013 2725 eoram
1038 2683 1130 2724 saera

112 2764 256 2848 (Diis)
282 2764 391 2826 lacere
413 2782 480 2827 non
501 2762 625 2845 possit,
649 2762 753 2826 ubivis
778 2764 925 2828 locorum
943 2785 980 2827 ea
1005 2761 1132 2841 sacere‚·

113 2881 145 2932 et
173 2869 300 2931 aliunde
329 2869 413 2931 dona
434 2865 576 2942 mittere,
602 2887 682 2950 qnae
703 2863 879 2950 ferre'ipse
901 2882 1056 2951 nequeat;
1088 2888 1143 2956 en¹

114 2994 153 3038 eo
170 2972 363 3058 quodcirca
380 2971 469 3034 Deos
492 2969 587 3047 lieet,
612 2970 689 3032 mihi
705 2991 833 3054 qnoque
855 2973 919 3035 hoo
937 2971 1015 3035 iuris
1031 2971 1131 3037 sumsi

112 3077 208 3140 vobis
240 3077 357 3139 donum
393 3074 543 3151 mittere,
582 3092 693 3138 eornm
726 3095 806 3156 quae
838 3074 932 3138 nobis
956 3088 1131 3139 nascuntur

110 3179 279 3243 fruetuum
305 3177 393 3261 qnasi
410 3175 585 3258 primitias,
611 3176 782 3260 etquidem
799 3179 916 3242 donum
937 3179 1016 3257 tale,
1042 3182 1132 3263 quod

109 3286 153 3346 ad
173 3304 234 3346 vos
253 3281 388 3364 proprio
408 3277 479 3362 jure
496 3280 664 3362 pertineat.
710 3281 806 3362 Quod
827 3281 916 3345 enim·
929 3285 1045 3347 donum
1061 3305 1131 3346 ma·
1237 3328 1247 3348 s

110 3387 163 3472 gis
189 3385 235 3449 eis
258 3384 425 3449 conveniat
444 3383 534 3460 dari,
559 3383 613 3466 qui
631 3383 800 3465 sapientiae
827 3386 928 3448 studia
950 3385 1073 3450 sineere
1095 3399 1129 3452 et

38 3525 50 3543 ι
109 3501 221 3553 amant
239 3500 272 3552 et
292 3497 502 3571 promovent,
528 3507 620 3569 quam
637 3487 752 3549 librum
766 3486 821 3572 qui
844 3489 1127 3573 contemplationes

112 3594 280 3658 contineat
305 3595 344 3655 ad
365 3593 472 3654 eadem
491 3589 593 3653 studia
610 3590 802 3670 pertinentes
822 3602 853 3656 et
871 3592 924 3677 qui
939 3593 1127 3660 Aristotelis

109 3697 255 3781 explicet
277 3694 461 3758 sententiam
483 3695 522 3756 de
543 3693 626 3757 Fato
649 3705 679 3756 et
695 3695 733 3757 de
751 3685 808 3773 eo,
834 3700 921 3782 quod
943 3719 1040 3781 penes
1066 3721 1127 3764 nos
1177 3683 1180 3687 ’

109 3799 185 3879 est}
211 3811 243 3864 et
265 3799 381 3863 librum
403 3799 443 3860 ab
465 3819 504 3860 eo
515 3797 666 3874 tfaemm,
692 3797 834 3882 quicum
853 3811 964 3866 vestro
983 3802 1128 3893 testimo·

108 3906 171 3970 nio
187 3905 316 3989 publice
334 3913 480 3984 receptus
492 3899 531 3964 sit
547 3901 729 3964 Aristotelis
744 3903 941 3985 placitorum·
954 3904 1139 3989 interpres.‘

111 4009 181 4073 Est
202 4012 308 4072 antem
333 4008 411 4070 haee
435 4025 508 4088 pars
528 4003 716 4087 placitorum
738 4007 822 4070 milla
848 4003 906 4070 alia
928 4021 1019 4092 parte
1046 4009 1129 4074 inse·
