2782 4790
1073 385 1133 446 iil

127 575 206 646 quiae
228 551 381 637 'ancipitia
412 573 471 616 nos
499 553 628 618 dicimus
660 571 686 616 a·
703 547 773 616 Diis
796 552 925 617 retineri
954 563 985 616 et
1019 564 1132 616 eornm

126 669 275 723 eventum
296 655 428 721 definito
445 655 627 740 praenosci.
670 655 742 722 Isno
759 657 860 722 multo
882 654 981 742 magis
1003 656 1045 720 sit
1060 677 1133 718 cre·

102 761 222 830 ·ttbtle
255 771 383 824 aeterna
418 781 435 822 a
471 759 542 823 Diis
570 756 673 824 deseri
711 770 742 824 et
778 760 917 824 abdicari
948 781 967 823 a
999 757 1133 844 propria

126 865 261 950 quadam
286 848 505 947 providentia,
544 883 638 946 quam
662 863 741 926 baec
767 885 846 948 quae
874 864 993 928 fluxam
1016 865 1134 929 habent

126 980 291 1044 namnam,
319 987 391 1030 cium
411 966 468 1032 illa
488 986 530 1029 cx
550 977 661 1050 suapte
682 979 794 1030 natura
814 967 950 1030 habeant
970 988 1035 1031 non
1056 965 1135 1028 defi·

126 1070 224 1134 uitam
247 1079 342 1152 atque
370 1068 616 1144 immutabilem,
654 1067 729 1151 quia
756 1068 851 1130 talem
878 1069 1023 1132 dicuutur
1050 1067 1132 1132 acci·

124 1187 215 1257 peres
235 1172 438 1248 exstantiam,
482 1171 562 1234 hacc
594 1191 673 1234 vero
707 1191 787 1253 quae
816 1183 888 1234 sunt
920 1171 1043 1256 genita,
1089 1171 1134 1236 ob

46 1257 53 1277 ’
123 1276 279 1359 propriae
301 1274 450 1338 materiae
471 1273 645 1338 flimionem
666 1273 848 1364 omnimoda
868 1273 1040 1338 mutatione
1062 1274 1131 1358 agi·

126 1381 190 1443 tari
211 1391 284 1444 nata
305 1399 408 1461 neque
430 1398 499 1442 esse
526 1398 629 1461 neque
658 1376 829 1454 contineri,
860 1397 964 1461 neque
993 1377 1135 1440 ordinari

126 1495 280 1566 possunt,
319 1481 379 1544 nisi
407 1482 539 1544 multum
566 1481 691 1544 trahant
713 1481 753 1544 ab
776 1480 939 1544 efficientia
961 1479 1075 1562 opifice
1098 1502 1135 1542 ac

60 1667 63 1675 ¹
125 1585 264 1668 provida
286 1606 410 1668 semper
432 1585 662 1648 eodemmodo
685 1605 719 1648 se
740 1583 943 1662 habentium,
977 1604 1042 1647 non
1063 1595 1133 1646 tan-

122 1688 269 1755 tum-illa
290 1689 351 1752 toti
372 1687 571 1770 praesidente
593 1698 625 1749 et
645 1708 813 1770 siiprema,
851 1689 916 1750 sed·
935 1698 967 1750 et
993 1709 1012 1750 a
1033 1687 1133 1772 magis

125 1790 371 1874 particularibus
387 1789 549 1876 magisque
563 1789 772 1874 propinquis3
795 1789 875 1854 sicut
890 1801 921 1854 et
941 1791 975 1854 in
995 1791 1133 1855 humano

124 1901 245 1980 'genere
267 1913 386 1976 pueros
408 1893 549 1956 videmus
570 1893 699 1958 maioris
723 1913 819 1979 egere
844 1893 1015 1958 curationis
1038 1917 1133 1978 quam

126 1999 237 2073 euos,
257 1997 307 2058 'et
332 1996 531 2078 improvidos
555 2017 649 2080 quam
670 1999 855 2079 prudentes.
906 1997 1003 2078 Quod
1024 1997 1051 2061 si
1066 2020 1138 2064 nos
1234 2007 1238 2014 ‘

125 2112 201 2166 rime
223 2099 278 2162 Dii
305 2099 413 2162 futura
435 2119 517 2184 quac
546 2099 692 2182 ancipitia
720 2098 848 2163 dicimus
870 2112 901 2164 et
923 2101 1051 2166 delinito
1065 2123 1132 2191 lno-

125 2215 219 2279 rnnt,
250 2223 290 2266 ne
312 2213 347 2264 ut
368 2202 455 2279 dixi,
493 2202 645 2266 incertam
665 2202 817 2266 faciamus
840 2224 951 2266 eorum
971 2205 1133 2290 coguitio-

125 2327 215 2383 nem,
255 2308 312 2368 sed
331 2317 450 2370 nonunt
472 2307 544 2370 solo
567 2327 660 2370 muro
682 2305 789 2392 ligneo
811 2307 913 2370 salvas
935 2307 1008 2380 fore
1030 2309 1133 2371 Athe·
1218 2365 1231 2382 ,

123 2431 180 2472 aas
214 2430 233 2472 a
261 2410 475 2478 ,barbarorum
509 2409 646 2491 impetn,
685 2422 717 2472 et
749 2412 837 2492 quod
869 2409 972 2474 divina
1002 2411 1133 2476 Salamis

124 2515 241 2596 perdet
262 2511 428 2598 mulierum
450 2512 615 2588 sobolem,
640 2523 671 2592 ct
688 2514 775 2596 quod
791 2511 933 2576 Croesus
949 2514 1056 2594 Halyn
1074 2537 1132 2597 pe-

123 2629 254 2680 netrans
278 2636 422 2698 magnam
443 2627 607 2696 pervertet
630 2637 727 2698 opum
750 2615 831 2693 vim,
870 2627 904 2679 et*
923 2619 1011 2699 quod
1032 2618 1131 2682 Laius

125 2721 247 2784 liberos
270 2739 377 2780 serens
399 2717 537 2780 funditus
560 2741 648 2782 suam
669 2731 792 2782 evertet
820 2721 970 2798 domum,
1008 2722 1133 2804 perspi-

127 2835 224 2888 cuum
245 2822 319 2884 hinc
341 2833 389 2884 est
410 2842 475 2886 non
495 2823 638 2903 potuisse
659 2821 719 2885 ista
739 2843 804 2886 non
825 2823 913 2897 fieri;
949 2825 983 2887 id
1003 2825 1085 2888 enim
1106 2827 1134 2890 si

127 2938 211 2990 esset
224 2921 241 3002 ,⁴
272 2945 400 2990 necesse
430 2936 498 2986 erat
519 2923 643 2988 mentiri
664 2925 766 2988 Deos.
824 2926 971 2990 Alterum
992 2949 1072 3014 ergo
1095 2931 1133 2992 de

124 3030 173 3092 bis
208 3031 332 3093 duobus
369 3028 590 3090 admittendum
622 3039 697 3105 cst,
730 3040 783 3090 aut
817 3029 921 3092 omnia
951 3033 1131 3098 necessario
1180 3049 1182 3056 ’

127 3134 215 3208 fieri,
241 3145 337 3216 atque
356 3131 399 3194 ita
420 3144 456 3194 ut
473 3153 490 3194 a
505 3130 574 3194 Diis
597 3129 751 3215 cognosci
772 3131 972 3214 praedicique
993 3136 1129 3216 possint,

125 3249 181 3300 aut
204 3239 293 3320 quod
325 3255 440 3316 anceps
470 3235 600 3312 dicitur,
638 3234 729 3298 inane
757 3255 826 3296 esse
855 3256 991 3312 nomen,
1029 3259 1131 3319 neque
1223 3304 1226 3316 ,

126 3339 231 3404 aDiis
253 3351 307 3402 aut
330 3337 484 3422 cognosci
506 3351 558 3402 aut
580 3337 686 3402 curari
708 3358 789 3421 quac
810 3337 865 3400 hic
877 3351 1027 3424 aguntur.
1054 3342 1130 3404 Hoc
1195 3335 1198 3340 ⁴

127 3465 209 3508 uero
244 3465 315 3506 cum
347 3461 417 3504 esse
444 3460 508 3504 non
530 3441 649 3523 possit,
688 3441 811 3506 tollitur
839 3441 871 3506 id
900 3445 986 3526 quod
1013 3467 1129 3530 auceps

128 3547 256 3612 dicitru.
1018 3535 1019 3538 Ἴ

513 3715 515 3720 ,
593 3655 623 3727 i·
647 3651 679 3712 6·

190 3756 357 3820 Adversus
391 3755 454 3816 hoc
489 3763 728 3837 argumentum,
774 3757 861 3837 quod
895 3754 1027 3820 diximus
1061 3779 1129 3850 esse

131 3857 255 3922 difficile
283 3869 484 3942 repugnata,
521 3857 593 3920 ideo
616 3857 702 3939 quod
724 3856 905 3922 confirmari
926 3859 1069 3940 videatur
1090 3863 1130 3924 ab

131 3963 200 4046 ipsa
221 3981 327 4025 rernm
350 3959 504 4026 ev'identia
512 4010 521 4041 ,
543 3959 594 4027 cni
608 3971 639 4022 et
654 3959 885 4043 uaticinantium
899 3962 1129 4052 praedictiones

116 4119 125 4168 l
