2782 4790
251 400 313 462 110
377 341 383 360 x

249 667 254 681 ⁸
311 673 408 754 Μηδὲ
430 674 550 740 ἐκείνου
571 675 607 738 δέ
629 674 874 764 παραλείπομεν
899 665 957 738 τὸν
981 665 1098 758 λόγον,
1119 661 1146 764 ᾧ
1167 671 1262 762 θαῤ-

248 777 364 868 ροῦσιν
385 769 430 852 ώς
451 769 615 842 δεικνύναι
637 778 805 868 δυναμένῳ
824 777 852 856 ¹)
881 765 954 842 τών
974 778 1192 866 προκειμένων
1219 798 1263 840 τι.

249 883 397 965 Λέγουσι
425 872 510 968 γάρ·
546 874 607 944 ούκ
628 871 697 946 ἔστι
718 879 751 960 2)
775 886 835 966 μὲν
855 873 997 960 τοιαύτη
1018 873 1039 960 ἡ
1067 881 1264 969 έιμαρμένη,

201 1021 209 1028 ·
248 979 307 1050 οὐκ
331 980 402 1048 ἔστι
427 983 462 1048 δὲ
488 985 696 1070 πεπρωμένη,
729 978 806 1050 οὐδέ
835 984 904 1048 έστι
926 985 1116 1069 πεπρωμένη
1149 984 1176 1062 ³)
1203 977 1264 1048 οὐκ
1332 1031 1333 1035 ,

248 1086 319 1154 ἔστι
333 1085 368 1151 δὲ
382 1079 484 1164 σἰἴσα,
507 1080 583 1152 οὐδέ
598 1086 667 1152 ἐστι
684 1091 744 1173 μὲν
762 1080 864 1166 ἄίσα,
894 1081 953 1152 οὐκ
975 1084 1045 1152 έστι
1071 1088 1106 1152 δὲ
1124 1088 1263 1173 νέμεσις,

248 1184 309 1268 οὐκ
327 1187 399 1255 ἔστι
417 1194 478 1275 μὲν
494 1189 621 1275 νέμεσις
635 1181 687 1269 ⁴),
717 1184 776 1255 οὐκ
799 1187 922 1256 ἔστιδὲ
943 1182 1062 1276 νόμος,
1095 1183 1173 1254 ούὸέ
1193 1189 1264 1254 ἐστι

245 1298 305 1378 μὲν
326 1286 444 1378 νόμος,
467 1284 527 1356 οὐκ
549 1289 672 1359 ἔστιδὲ
695 1285 793 1377 λόγος
812 1288 922 1384 ὀρθὸς
943 1287 1182 1382 προςτακτικὸς
1203 1297 1264 1378 μὲν

248 1383 293 1462 ὧν
313 1397 483 1476 ποιητέον,
505 1388 766 1485 ἀπαγορευτικὸς
787 1397 822 1460 δέ
845 1385 889 1461 ὧν
911 1391 949 1461 ού
972 1398 1146 1477 ποιητέον·
1175 1389 1264 1460 ἆλλίι

172 1515 174 1520 ’
247 1492 490 1589 ἀπαγορεύεται
527 1496 587 1582 μ’ὲν
611 1493 659 1563 τὰ
696 1493 977 1589 ἁμαρτανόμενα,
1026 1491 1265 1590 προςτσίττεται

46 1595 48 1602 ’
146 1665 148 1670 ,
247 1603 284 1668 ὑὲ
311 1597 354 1666 τὰ
382 1595 655 1690 κατορθώματα’
692 1596 753 1667 οὐκ
777 1597 846 1692 ίίρα
877 1600 948 1667 ἔστι
979 1607 1039 1688 μέν
1067 1595 1207 1682 τοιαύτη
1242 1596 1264 1682 ἡ

245 1705 424 1795 εἰμαρμένη
433 1753 442 1784 ,
465 1697 525 1769 οὐκ
540 1701 660 1769 ἔστιδὲ
675 1698 902 1796 ἁμαρτήματα
917 1709 973 1770 καὶ
991 1698 1263 1794 κατορθώματα·
1299 1787 1308 1804 ⁸

246 1802 316 1874 ἀλλ’
347 1806 374 1873 έί
402 1808 490 1872 ἐστιν
514 1799 741 1896 ἁμαρτήματα
773 1813 829 1874 καὶ
856 1801 1133 1897 κατορθώματα,
1173 1805 1263 1874 ἔστιν

247 1906 347 2002 ἀρετὴ
362 1915 418 1976 καὶ
438 1907 552 1976 κακία·
575 1913 604 1978 έι
623 1912 798 1990 δὲταῦτα,
821 1909 890 1976 ἔστι
909 1905 1011 1976 καλὸν
1030 1914 1086 1976 καὶ
1106 1905 1263 2000 ἆισχρόν·

246 2008 334 2080 ἀλλὰ
358 2008 479 2101 τὸμὲν
503 2010 606 2080 καλὸν
624 2009 809 2094 ἐπαινετὸν,
834 2010 873 2079 τὸ
902 2015 937 2081 δὲ
962 2009 1100 2104 ἆισχρὸν
1120 2008 1262 2107 ψεκτόν·

246 2111 306 2184 οὐκ
327 2113 395 2209 ίίρα
419 2115 490 2184 ἔστι
517 2124 578 2205 μὲν
601 2112 739 2198 τοιαύτη
770 2111 793 2198 ἡ
820 2118 998 2208 έιμαρμένη
1010 2165 1020 2197 ,
1053 2111 1112 2183 οὐκ
1133 2115 1205 2184 ἔστι
1226 2117 1262 2184 δὲ

247 2216 418 2288 ἐπαινετὸν
445 2224 502 2286 καὶ
529 2215 671 2314 ψεκτόν·
707 2216 795 2286 ἀλλὰ
820 2216 865 2285 τίι
896 2226 956 2306 μὲν
984 2216 1142 2286 έπαινετίι
1165 2219 1264 2305 τιμῆς

246 2320 342 2405 ἄξια,
379 2319 426 2389 τίι
447 2325 483 2388 δὲ
504 2319 614 2417 ψεκτὰ
635 2317 814 2401 κολάσεως
851 2317 911 2390 ούκ
933 2319 1001 2413 ίίρα
1021 2321 1090 2388 ἔστι
1111 2329 1171 2410 μέν
1192 2347 1264 2390 τοι-

247 2423 332 2508 αύτη
360 2453 380 2508 η
410 2427 605 2517 έιμαρμένη,
642 2421 703 2493 οὐκ
738 2426 808 2493 ἔστι
841 2428 877 2492 δέ
908 2422 986 2514 τιμὴ
1024 2429 1080 2490 καὶ
1108 2420 1264 2505 κόλασις,

246 2525 315 2598 ἀλλ’
339 2529 411 2597 ἔστι
432 2538 493 2618 μὲν
509 2526 588 2617 τιμὴ
609 2533 711 2621 γέρως
732 2523 884 2612 ἀξίωσις,
907 2524 928 2610 ἡ
948 2531 985 2606 δὲ,
1005 2523 1141 2606 κόλασις
1163 2529 1263 2594 ἐπαν-

102 2677 105 2684 ,
178 2648 181 2652 ’
249 2628 404 2724 όρθωσις
428 2634 473 2715 5)·
506 2628 566 2700 ούκ
592 2630 659 2726 ἄρα
683 2635 752 2699 ἐστὶ
777 2639 837 2721 μέν
866 2625 1003 2713 τοιαύτη
1024 2627 1044 2712 ἡ
1067 2632 1262 2723 έιμαρμένη·

247 2733 307 2803 οὐκ
323 2737 394 2804 ἔστι
410 2740 512 2825 γέρως
529 2731 661 2818 ἀξίωσις
679 2741 734 2802 καί
755 2729 999 2827 ἐπανόρθωσις.
1037 2729 1088 2800 'Eo
1107 2736 1263 2801 δὲταῦτα

248 2833 421 2933 ἀφῄρηται
453 2836 481 2920 6)
513 2846 574 2928 μὲν
610 2841 694 2907 έῐναι
728 2833 860 2909 πάντων
889 2841 1066 2926 γινομένων
1101 2832 1183 2904 καθ’
1217 2839 1263 2904 έι·

245 2945 415 3030 μαρμένηυ
440 2935 696 3035 κατορθώματα
716 2967 751 3010 τε
772 2947 837 3010 καὶΙ
850 2935 1093 3040 ἁμαρτήματα,
1130 2939 1187 3007 καί
1211 2963 1262 3006 τι-

245 3050 307 3132 μαὶ
342 3051 399 3112 καὶ
436 3040 608 3128 κολάσεις,
657 3051 713 3113 καὶ
744 3049 846 3139 γέρως
879 3040 1011 3127 ἀξίωσις
1046 3049 1102 3111 καὶ
1128 3043 1260 3112 ἔπαινοι

247 3153 304 3216 καὶ
331 3142 447 3244 ηιόγοι.

256 3383 259 3392 ·
304 3351 412 3423 Ἀλλίι
433 3350 540 3423 ταύτοί
559 3381 595 3443 γε
617 3358 645 3424 έι
667 3349 808 3445 μὲνρύπό
834 3376 931 3424 τινων
951 3352 1064 3422 ἆιτίων
1085 3346 1260 3443 περιεστώ-

241 3463 310 3526 των
334 3454 449 3538 ἆυτοῖς
473 3455 578 3538 ὁύτως
608 3453 850 3546 σίναγκσίζονται
873 3463 993 3545 λέγειν,
1027 3450 1268 3544 συγγινώσκειν·

247 3664 373 3732 ἐκείνων
395 3661 464 3732 κατ’
488 3660 632 3751 ἀνάγκην
657 3669 836 3754 λεγομένων
853 3667 1154 3757 πολυπραγμονεῖν,
1182 3655 1259 3728 ὀύτε

246 3767 387 3846 ἐκείνους
411 3774 481 3858 περὶ
513 3769 575 3834 τῶν
600 3765 660 3857 οὐχ
680 3764 801 3857 ὁμοίως
823 3763 937 3847 ἇυτοῐς
964 3763 1122 3855 λεγόντων
1161 3759 1259 3846 (izci-

245 3891 337 3949 στοις
363 3867 428 3960 γίιρ
454 3871 517 3938 τών
538 3875 717 3959 λεγομένων
742 3895 777 3938 τε
808 3877 864 3938 καὶ
886 3865 1048 3952 δοξάντων
1070 3865 1162 3936 ἀιτία
1184 3869 1213 3948 ¹)
1237 3861 1257 3946 ἡ

245 3973 308 4042 τῶν
327 3967 550 4068 περιεστώτων
572 3969 723 4060 δύναμις)
745 3980 800 4042 καὶ
822 3971 918 4041 οὐδὲν
934 3977 987 4040 δεῖ
999 3969 1082 4051 τοὺς
1100 3974 1258 4056 λέγοντας
