2776 4790
301 394 362 458 188

284 556 407 650 Ἔργον
429 561 464 626 δέ
486 553 581 624 οὐδέν
601 529 681 636 τῶν,
704 542 768 622 ὅσα
782 549 883 649 ψυχὴ
905 547 1085 645 ἐργάζεται,
1106 549 1199 645 παρά
1221 549 1295 622 τιν’·

293 686 358 729 των
386 657 426 728 ἂν
454 660 598 746 γίνοιτο·
644 653 713 724 ἄλλ’
745 653 802 749 ἀφ’
836 659 949 749 ἑτέρας
980 660 1033 725 δεῖ
1056 657 1163 728 ταῦτα
1199 653 1300 749 ἀρχῆς

293 789 387 834 ιεναι.

350 1168 475 1243 ””Αλλ
452 1201 519 1266 αρα
529 1174 590 1295 μία
601 1199 651 1252 τις
661 1168 754 1292 ψυχὴ
769 1171 826 1240 διά
840 1170 964 1256 παντὸς
979 1168 1140 1256 διήκουσα
1129 1174 1295 1300 περαίνει

197 1297 199 1302 ·
272 1275 335 1347 ’τά
355 1274 482 1360 πάντα,
505 1273 644 1346 ἑκάστου
665 1272 769 1370 ταύτῃ
784 1281 979 1363 κινουμένου
990 1267 1148 1379 μέρουςῇ
1166 1303 1206 1343 το
1192 1269 1297 1344 ὅλον

291 1381 364 1468 άγει
383 1385 428 1464 ¹,·)
467 1383 659 1472 Φερομένου
679 1383 714 1446 δὲ
731 1381 860 1456 ἐκεῖθεν
883 1381 945 1446 τῶν
963 1375 1077 1448 άιτὶοιν
1099 1374 1297 1448 άκολουθωυ

291 1481 418 1572 ἀνάγκη
443 1480 518 1576 τὴν
532 1477 656 1551 τούτων
688 1481 803 1574 ἐφεξῆς
831 1485 999 1568 συνέχειαν
1026 1487 1081 1548 καὶ
1107 1479 1297 1570 συμπλοκὴν

291 1591 487 1678 έιμαρμένην
502 1585 533 1664 2)
552 1580 623 1650 ὁῖον
637 1586 666 1650 έι
684 1585 792 1676 φυτοῦ
809 1585 843 1650 ἐκ
857 1585 946 1674 ῥίζης
964 1581 1023 1666 τὴν
1039 1580 1142 1676 άρχὴν
1159 1586 1297 1672 ἔχοντος,

290 1689 350 1772 τὴν
371 1686 525 1758 ἐντεῦθεν
546 1689 598 1754 ἐπὶ
618 1682 727 1754 πάντα
752 1688 913 1768 διοίκησιν
935 1682 1039 1766 ἄντοῦ
1057 1685 1101 1754 τά
1115 1691 1218 1778 μέρη,
1242 1694 1295 1753 καλ

290 1790 373 1883 πρὸς
399 1789 526 1873 άλλιγλα
552 1786 759 1876 συμπλοκὴν,
794 1784 925 1871 ποίησέν
950 1813 984 1856 τε
1006 1795 1062 1856 καὶ
1085 1795 1193 1858 πεῖσιν
1214 1791 1294 1858 διοί-

290 1917 385 1978 κησιν
408 1896 489 1982 μίαν
515 1897 572 1960 και
600 1886 672 1960 ὁῖον
697 1895 893 2012 ἑιμαρμένην
920 1894 979 1965 τοῦ
1005 1895 1113 1986 φυτοῦ
1141 1919 1191 1970 τις
1215 1896 1295 1991 έῑναι

189 2065 195 2080 ,
290 2003 390 2084 λέγοι.
414 1993 521 2064 Αλλά
533 1996 716 2086 πρῶτονμέ
717 1997 845 2064 υτοῦτο
860 1992 899 2062 τὸ
914 1992 1118 2088 σφοδρὸν
1079 2020 1136 2076 της
1152 1978 1295 2082 ἀνάγκης

289 2129 345 2172 και
363 2101 420 2182 τὴς
433 2095 587 2181 τοιαύτης
605 2101 817 2188 έιμαρμένης,
848 2094 931 2166 άυτὸ
949 2101 1048 2166 τοῦτο
1067 2095 1126 2180 τὴν
1140 2099 1293 2192 ἑιμαρμέ-

260 2249 263 2256 1
288 2229 347 2287 νην
365 2231 421 2271 και
436 2205 498 2270 τάν
515 2199 628 2270 άιτίων
649 2199 707 2269 τὸν
721 2198 833 2293 έιρμὸν
847 2207 904 2268 καὶ
917 2197 975 2286 τὴν
990 2189 1221 2288 συμπλοκὴν
1200 2227 1295 2270 αναι-

289 2314 347 2400 ρεῖ.
366 2303 427 2384 Ὡς
440 2303 504 2396 γάρ
522 2307 556 2372 ἐν
572 2309 642 2382 τοῖς
656 2300 824 2395 ἡμετέροις
836 2307 949 2396 μέρεσι
963 2301 1052 2370 κατά
1066 2300 1104 2370 τὸ
1118 2298 1295 2392 ἡγεμονοῦν

289 2413 507 2496 κινουμένοις,
540 2405 662 2493 ἄλογον
683 2405 722 2472 τὸ
743 2403 824 2474 καθ’
854 2408 1049 2497 ἑιμαρμένιγν
1076 2411 1180 2494 λέγειν
1201 2413 1295 2476 κινεῖ,

289 2518 380 2586 σθαι
388 2563 397 2594 ,
421 2507 474 2593 (οὐ
485 2505 549 2601 γάρ
566 2507 648 2576 ἄλλο
662 2516 722 2596 μὲν
736 2507 774 2576 τὸ
789 2506 963 2596 ἐνδεδωκὸς
975 2506 1189 2594 τὴνκίνησιν,
1213 2511 1295 2580 άλλο

288 2620 324 2684 δὲ
346 2613 384 2682 τὸ
405 2609 669 2706 παραδεξάμενον
686 2618 741 2680 καὶ
759 2609 834 2704 παρ’
856 2609 959 2680 άντοῦ
977 2614 1016 2706 εὴ
1034 2608 1120 2708 ὁρμῇ
1142 2619 1294 2705 κεχρημέ-

286 2744 362 2798 νον,
384 2713 452 2783 ἀλλ’
475 2720 574 2784 έκεῖνο
594 2717 661 2782 ἐστὶ
678 2717 807 2805 πρῶτον
823 2712 861 2782 τὸ
879 2716 1017 2796 κινὴσαν
1035 2713 1074 2782 τὸ
1092 2720 1221 2799 σκέλος)
1239 2715 1295 2784 τὸν

287 2818 389 2890 άυτὸυ
410 2814 533 2910 τρόπον
557 2819 584 2883 έι
610 2823 672 2884 καὶ,
688 2819 740 2884 ἐπὶ
763 2821 821 2884 τοῦ
846 2815 970 2896 παντὸς
994 2813 1029 2888 ἓν
1049 2819 1143 2888 ἔσται
1167 2819 1206 2886 τὸ
1230 2823 1295 2889 πᾶν

287 2923 404 2992 ποιοῦν
421 2927 477 2988 καὶ
498 2917 640 3009 πάσχον,
663 2926 719 2988 καὶ
740 2916 800 2988 οὐκ
814 2916 896 3008 ἄλλο
915 2918 989 3013 παρ’
1014 2919 1134 3004 ἄλλου,
1155 2920 1225 2990 κατ’
1243 2921 1294 2990 άι·

286 3027 360 3104 τίοις
375 3023 432 3108 τὴν
448 3021 621 3112 άναγιιγὴν
636 3022 690 3109 άεὶ,
704 3020 753 3116 ἐφ’
774 3028 884 3116 ἕτερον
899 3021 1046 3112 ἐχούσας.
1095 3023 1141 3093 Οὐ
1156 3025 1197 3108 δὴ
1213 3023 1293 3110 άλη-

287 3135 352 3208 θές
374 3125 442 3195 κατ’
468 3125 577 3206 άιτάας
595 3125 635 3193 τά
658 3122 767 3194 πάντα
789 3128 968 3213 γίγνεσθαι
975 3178 985 3208 ,
1007 3123 1076 3194 ἀλλ’
1093 3123 1235 3198 ένὲσται
1251 3127 1294 3197 τά

191 3247 193 3254 “
286 3229 416 3311 πάντα,
440 3221 517 3308 άςτε
539 3225 613 3296 ὀάτε
634 3224 745 3315 ἡμεις,
768 3225 842 3295 ὄντε
860 3253 893 3295 τι
907 3225 1063 3321 ἡμέτερον
1081 3231 1194 3353 ἔργον,
1216 3230 1292 3302 ουδὲ

286 3329 536 3422 λογιζόμεθα
517 3338 628 3413 αυτοὶ,
667 3327 735 3398 άλλ
771 3333 881 3422 ἑτέρου
909 3330 1067 3420 λογισμὸς
1086 3332 1130 3402 τά
1150 3332 1292 3465 ἡμέτερμ

285 3434 514 3525 βουλευματα,
536 3431 611 3502 οὐδὲ
597 3428 817 3522 ἐπράττομεν
839 3429 946 3526 ἡμεῖς,
969 3427 1070 3528 ὥςπερ
1089 3435 1164 3506 οὐδὲ
1150 3445 1218 3508 ὲοὶ
1231 3437 1292 3508 πό-

286 3545 339 3620 δες
353 3540 569 3620 λακτίζουσιν,
585 3531 687 3603 άλλΗ
668 3542 760 3625 ἡμεῖς
771 3533 829 3604 διὰ
838 3541 984 3630 μερῶν
957 3564 1021 3608 τιον
1036 3542 1167 3611 ἑαυτῶν
1185 3539 1292 3611 Ἀλλά

222 3697 224 3706 ,
285 3641 418 3736 γάρδεῖ
430 3649 485 3710 καὶ
501 3645 638 3710 ἕκαστον
652 3645 790 3726 ἕκαστον
805 3644 898 3722 έῖναι,
921 3648 980 3734 καλ
990 3641 1122 3734 πράξεις
1131 3640 1292 3738 ἡμετέρας

284 3753 341 3816 καὶ
360 3745 510 3865 διμνοίεις
534 3739 706 3834 ὑπάρχειν,
742 3750 797 3840 καὶ
816 3742 874 3824 τάς
891 3741 1030 3814 ἑκάστου
1048 3742 1152 3834 καλάς
1178 3775 1210 3817 τε
1234 3757 1291 3817 καὶ

285 3846 436 3974 άισχράς
454 3843 602 3936 πράξεις
599 3871 681 3942 παρ
718 3849 835 3932 ἑαυτοῦ
868 3844 1024 3934 ἑκάστου,
1060 3847 1146 3918 άλλά
1171 3851 1218 3940 μὴ
1244 3880 1288 3946 τῳ

283 3977 381 4022 παντι
402 3949 461 4034 τὴν
481 3951 561 4046 γουν
583 3973 646 4016 των
668 3945 810 4042 άισχρῶν
830 3975 962 4032 ποιησιν
985 3950 1196 4056 ἀνατιθέναι.

1218 4103 1235 4132 0
