2782 4790
255 405 305 492 ιιι

258 565 433 656 σκύζεσθαι
459 567 505 642 τὸ,
521 573 623 658 μηδὲν
642 565 799 650 ἀναιτίως
819 571 885 652 τῶν
900 560 1077 660 γινομένων
1100 569 1271 664 γίνεσθαι,

258 683 315 746 καὶ
329 676 448 744 τοῦτον
461 669 521 740 τὸν
538 670 661 764 τρόπον
679 669 817 762 ἐχόντων
826 724 837 755 ,
858 668 903 752 ὡς
916 667 1011 761 ἡμεῖς
1032 676 1187 760 λέγομεν,
1207 674 1273 740 τῶν

261 773 473 871 πραγμάτων.
519 772 586 846 ''Av
617 773 681 868 γάρ
709 771 916 864 παυσάμενοι
942 776 1002 857 τῆς
1036 770 1182 856 ἁλύσεως
1208 777 1274 844 τῶν

200 941 203 954 .
259 879 374 950 ἀιτίων
407 885 463 950 καί
484 882 557 964 Ιτού
589 889 671 1002 τρῖς,
698 874 841 1001 πράτοις
873 883 1059 968 γενομένοις
1097 881 1202 966 λέγειν
1241 881 1275 962 ἐξ

259 980 417 1112 ἀνάγκης
425 987 570 1053 ἕπεσθαι
592 981 631 1052 τὸ
651 978 772 1060 ἀπίοις
796 987 881 1050 τισίν
902 978 1039 1075 ὄφειλον
1055 980 1214 1103 γίνεσθαι
1236 985 1274 1064 ⁵),
1296 1024 1297 1027 =

257 1085 304 1170 ὦς
325 1090 359 1158 έν
378 1090 417 1184 τῇ
435 1083 534 1180 οὐσίρι
555 1083 664 1156 ἀντῶν
680 1081 720 1153 τὸ
741 1081 850 1154 ἀίτιον
870 1089 1110 1207 περιέχουσιν,
1120 1081 1187 1155 ἀπὸ
1209 1087 1275 1155 τῶν

261 1194 439 1280 γινομένων
462 1215 497 1260 τε
528 1196 585 1260 καὶ
610 1186 755 1278 ὑστέρων
785 1184 845 1272 τὴν
867 1183 1030 1256 ἀπόδοσιν
1064 1187 1129 1258 τῶν
1160 1184 1275 1258 ἀιτίων

259 1290 501 1385 ποιάμεθα,”
481 1319 529 1362 ετι
543 1317 579 1361 τε
595 1295 660 1362 τῶν.
680 1294 858 1380 γινομένων
871 1315 987 1384 κνριας
1005 1291 1148 1382 ζητῶμεν
1164 1284 1251 1374 4)
1213 1317 1275 1372 τας

258 1396 388 1480 ἀντίας,
431 1392 507 1465 ἰύττ
531 1393 688 1474 ἀναιτίως
715 1421 748 1468 τι
775 1395 840 1461 τῶν
872 1397 1052 1484 γινομένων
1080 1390 1274 1480 γενήσεται,

260 1497 336 1578 ὀίτε
356 1498 414 1570 διά
435 1502 536 1568 τοῦτο
560 1500 595 1582 ἐξ
613 1494 760 1586 ἀνάγκης
786 1493 869 1564 καθ’
900 1499 1098 1589 έιμαρμένην
1118 1493 1277 1580 τοιαύτην

257 1601 432 1676 πάντοθεν
455 1599 624 1692 γινόμενον
644 1600 750 1670 ἔσται,
790 1595 871 1669 Ὀυκ
896 1601 931 1683 ἐξ
953 1595 1099 1689 ἀνάγκης
1125 1597 1276 1692 μὲνγὰρ

258 1705 279 1780 ἀ
299 1708 544 1802 Σωφρονίσκος
565 1707 595 1790 ⁵)
621 1707 667 1802 τῷ
687 1707 772 1774 ἑῖναι
796 1701 860 1788 ἤδη
880 1708 946 1780 Ικαί
969 1701 1079 1796 πατὴρ
1100 1703 1195 1772 ἔσται
1219 1709 1276 1776 καὶ

259 1807 367 1892 ἀίτιός
398 1835 465 1880 τινι
494 1812 558 1880 τῶν
584 1805 651 1899 μετ’
683 1804 797 1878 ἀστόν.
858 1803 911 1876 'Eo
940 1811 1055 1896 μέντοι
1087 1803 1278 1900 Σωκράτης

260 1917 308 1999 ε’ίη
330 1915 364 1998 ἐξ
390 1910 535 2001 ἀνάγκης
541 1965 551 1996 ,
587 1909 678 2005 ἀντῷ
705 1913 764 1995 τῆς
792 1913 945 1999 γενέσεως
971 1911 1216 2003 Σωφρονίσκος
1244 1912 1278 1993 έξ

209 2097 210 2104 ¹
259 2014 407 2108 ἀνάγκης
438 2012 554 2096 ἀίτιος.
606 2010 668 2094 Ὡς
695 2011 761 2107 γάρ
789 2014 951 2135 θεμελίρο
974 2010 1070 2092 ὄντος
1090 2010 1151 2082 οὐκ
1172 2010 1276 2101 ἀναγ-

258 2119 480 2194 καῖονοίκίσιν
500 2121 679 2206 γενέσθαι,
702 2114 809 2196 οἰκίας
829 2111 921 2184 &W
882 2140 984 2200 ουσης
1003 2117 1278 2207 προκαταβεβλῆ·

261 2233 355 2298 σθαι
367 2220 425 2293 τὸν
440 2225 602 2311 θεμέλιον
616 2216 709 2305 ⁵a)'
689 2216 849 2341 ανάγκη,
859 2214 964 2298 ὁύτως
977 2219 1061 2307 ἔχειν
1073 2214 1280 2341 ύποληπτέρν

259 2337 316 2402 καί
337 2331 372 2398 έν
391 2332 462 2405 τοῖς
482 2327 667 2412 γινομένοις
688 2318 790 2415 φύσει
811 2320 856 2390 τά
876 2318 969 2426 ἀίτια
997 2318 1070 2405 55’
1050 2318 1195 2446 ανάγκης
1217 2319 1289 2390 ούκ

260 2432 375 2512 ἀντοίς
395 2424 540 2522 πράτοις
561 2426 592 2509 6)
615 2421 688 2508 ἐξ
615 2421 815 2514 εανάγκης
832 2416 990 2515 επὸμενον
1003 2423 1043 2495 τὸ
1058 2422 1179 2505 ἀιτίοις
1194 2429 1279 2497 έῑναι

257 2537 372 2619 τινῶν,
408 2528 498 2602 ἀλλά
525 2534 596 2651 τρίς
624 2524 775 2621 ὑστέροις
803 2533 988 2618 γινομένοις
1015 2526 1055 2596 τὸ
1078 2525 1152 2612 ἐξ
1131 2523 1279 2630 ανάγκης

261 2643 398 2731 ἔχειντί
419 2636 483 2706 τῶν
503 2629 569 2722 πρὸ
590 2628 698 2700 ἀντῶν
716 2627 834 2701 ἀίτιον
867 2627 964 2700 Ἔστι
986 2635 1023 2700 δέ
1044 2656 1120 2701 τινα
1141 2636 1206 2704 τῶν
1226 2660 1279 2720 γι-

259 2746 403 2865 νομένων
424 2743 481 2807 καί
501 2737 666 2817 τοιαῦτα,
689 2730 733 2814 ὡς
754 2734 837 2824 ἐχειν
857 2731 959 2824 μέν
939 2730 1047 2805 αίτιόν
1068 2760 1101 2802 τι
1123 2728 1200 2818 6τι),
1237 2733 1279 2804 ού

262 2871 328 2938 μην
348 2841 469 2914 οἰκεῖον
483 2842 523 2923 7),
545 2836 622 2908 οὐδὲ
643 2834 904 2929 προηγούμενον,
927 2834 1020 2921 ἀλλ,
1043 2835 1086 2918 ὠς
1100 2834 1178 2927 ημῖν
1192 2838 1281 2920 ἔθος

193 2983 195 2990 ’
263 2956 385 3039 λέγειν,
413 2937 740 3064 κατὰσυμβεβηκός.
778 2935 905 3034 (ιγαρ
927 2943 1077 3034 ἑνρεθείς
1097 2940 1280 3034 θησαυρὸς

256 3051 330 3128 ,ύπό
358 3053 419 3122 τού
451 3047 509 3118 διά
536 3044 575 3119 τὸ
609 3040 763 3139 φυτεύειν
790 3040 1016 3125 σκάπτοντος,
1052 3045 1116 3133 ἔχει
1143 3053 1204 3135 μὲν
1236 3043 1279 3114 τὸ

257 3153 420 3228 σκάπτειν
441 3151 569 3233 ἀίτιον,
605 3146 645 3219 ού
673 3146 739 3236 μην
766 3144 907 3230 οἰκεῖον,
942 3143 1019 3216 οὐδὲ
1041 3143 1214 3235 γενόμενον
1234 3145 1276 3216 δι’

258 3256 380 3332 ἀστόν·
401 3253 446 3326 τά
464 3265 525 3346 μὲν
546 3252 610 3346 γὰρ
633 3254 752 3372 κυρίιρς
772 3247 886 3332 ἀὶτια,
907 3245 977 3333 ἀέξ
997 3246 1143 3339 ἀνάγκης
1162 3245 1278 3338 μόνον,

259 3363 305 3446 ἀς
324 3359 457 3441 τούτοις
485 3363 590 3441 δοκεῖ,
621 3361 683 3424 καί
707 3351 751 3433 ὡς
779 3355 830 3422 επὶ
859 3349 898 3420 τὸ
926 3351 1049 3424 πολύἰ
1033 3349 1198 3442 επόμενσν
1211 3355 1278 3443 ἔχει

261 3467 300 3540 τὸ
329 3464 436 3536 ἀίτιον
463 3463 514 3548 8)
557 3459 601 3530 τά
627 3464 664 3528 δέ
692 3454 780 3526 κατά
814 3452 1070 3582 σρμβεβηκὸς“
1053 3452 1157 3536 ούτως
1184 3454 1278 3527 ἀίτιιε

261 3573 409 3694 σπανίως
426 3570 551 3657 γίνεται
572 3562 616 3632 τά
635 3556 795 3638 τοιούτων
816 3557 926 3644 ἀίτια,
963 3551 1044 3632 ίίστε
1067 3564 1139 3646 τοῖς
1157 3561 1279 3629 τοῦτον

261 3675 319 3746 τὸν
340 3670 466 3768 τρόπον
487 3675 639 3758 λέγουσιν
661 3657 732 3754 άμα
752 3671 852 3755 μέν
843 3669 955 3737 ἕπεται
983 3660 1023 3732 τὸ
1051 3660 1201 3751 μηδέν’
1173 3687 1278 3732 ανατ-

261 3782 336 3860 τίως
357 3778 517 3868 γίνεσθαι
539 3777 660 3860 λέγειν,
682 3762 754 3859 ἅμα
775 3772 812 3838 δέ
834 3763 873 3834 τὸ
895 3763 1008 3850 σάζειν
1030 3761 1086 3847 τό,
1115 3791 1149 3832 τε
1164 3770 1195 3847 9)
1209 3762 1278 3834 ἀπὸ

261 3880 369 3976 τύχης
382 3887 439 3952 καί
460 3871 652 3967 ἀντσμάτον
673 3871 830 3962 γίνεσθαί
852 3895 927 3943 τινα
948 3872 1014 3954 ¹5²),
1036 3871 1201 3942 καϊέῖναι,
1221 3874 1278 3938 καί
