2758 4790
259 393 322 460 260

281 566 316 646 4)
341 566 467 654 μηδὲν
489 561 573 630 τῶν
582 559 829 650 γινομένων]
851 559 928 625 Ald
945 559 978 623 2.
1001 553 1065 627 mio
1080 561 1256 647 γινομένων

342 669 508 790 μηδέν..

155 809 161 816 ·
281 771 315 852 5)
343 769 382 838 τί
404 772 446 837 δέ
464 761 546 836 ποτ’
570 764 683 833 ἔστιν
704 766 789 846 etc]
822 763 996 837 SicHavn
1014 765 1111 834 Mon.
1129 763 1207 830 Ald.
1223 769 1253 830 1.

344 885 375 936 et
401 872 511 936 Lond.
568 870 614 933 At
638 869 716 932 Ald.
742 868 775 932 2.
811 889 882 930 cum
910 865 1038 933 Caselio
1063 868 1095 934 σι’
1123 864 1253 950 δήποτ’

317 1057 321 1064 ¹
343 971 402 1041 ὀῦν
419 973 517 1040 ἔστιν.
558 970 659 1056 Atqui
679 973 760 1035 bene
781 969 877 1034 habet
896 971 1025 1057 vulgata
1048 970 1157 1034 lectio.
1189 971 1255 1036 Re·

342 1078 499 1160 spondent
524 1074 606 1138 enim
624 1075 704 1138 haee
732 1075 833 1138 verba
856 1084 1003 1157 tanquam
1027 1074 1161 1138 alterum
1183 1095 1256 1140 oce·

343 1177 437 1244 tionis
460 1179 653 1300 membrum,
690 1175 728 1240 iis
757 1197 837 1260 quae
854 1175 1045 1298 leguptur'
1035 1176 1124 1242 mitio
1147 1177 1257 1297 capitis

344 1277 382 1347 τὸ
404 1275 500 1369 μὲν
483 1281 542 1348 οὖν
566 1279 649 1348 ἐῑναί
672 1303 706 1346 τι
726 1274 787 1360 τὴν
810 1281 1006 1370 ἑιμοιρμένην
1025 1321 1043 1335 -
1062 1320 1079 1335 -
1100 1283 1217 1358 ικοινως
1236 1307 1258 1362 η

264 1401 268 1408 ·
343 1383 408 1449 τῶν
418 1376 608 1474 ἀνθρώπων
623 1381 793 1463 συνίστησι
809 1378 995 1476 πρόληψις,
1013 1393 1049 1446 ut
1064 1383 1171 1468 itaque
1185 1393 1260 1467 post

344 1479 453 1552 οὐκέτι
476 1505 570 1548 sensu
593 1486 798 1567 repetendum
826 1482 868 1548 sit
898 1485 1091 1567 συνίστησι,
1136 1496 1168 1549 ct
1201 1484 1260 1550 im-

343 1588 489 1672 posuerit
519 1585 699 1652 correctori
723 1585 857 1651 Aldinae
886 1585 919 1652 2.
950 1581 1080 1674 longior
1109 1588 1259 1674 periodus

266 1700 268 1710 ’
343 1687 541 1773 interposita.
574 1689 648 1770 (Ο.)

282 1794 316 1874 d)
345 1787 514 1874 οὐκέτι]
552 1792 685 1857 Grotius
703 1803 829 1858 vertens
852 1784 891 1854 id
906 1785 974 1856 noo
996 1814 1105 1878 cepoe
1127 1791 1262 1876 expedi·

233 1911 235 1915 ’
340 1904 414 1959 tum
436 1901 503 1972 cst,
535 1893 651 1980 legisse
680 1894 805 1958 videtur
832 1895 932 1976 δῆλον
959 1905 1011 1958 aut
1042 1894 1141 1958 simile
1174 1893 1261 1978 quid.

347 1995 396 2059 At
411 1996 527 2061 ordiam
548 1996 691 2060 lacunam
713 2008 891 2083 agnoscunt
913 1993 1019 2062 Codd.
1042 2008 1074 2061 et
1096 1997 1260 2074 editiones,

347 2119 405 2162 nec
426 2099 519 2163 etiam
540 2097 715 2189 Begolinus
741 2112 868 2164 vertens
894 2119 960 2166 uon
991 2103 1082 2167 item.
1124 2099 1170 2164 Et
1194 2121 1262 2165 om·
1375 2181 1376 2184 Ἴ

346 2201 422 2266 nino
441 2202 513 2266 vide
531 2204 650 2267 Notam
666 2203 918 2287 praecedentem.
947 2201 1020 2284 (0.)
1064 2200 1191 2272 Scilicet
1206 2225 1263 2294 pa·

272 2299 276 2306 ’
348 2303 533 2369 rentheseos
578 2305 668 2391 signa
695 2308 852 2390 ponenda
886 2315 975 2369 eraut
1009 2304 1072 2368 iam
1104 2317 1180 2404 post
1210 2305 1264 2370 illa

348 2407 519 2502 σννίστησι
535 2403 724 2501 πρόληψις,
757 2409 942 2494 quibuscum
958 2410 1055 2486 haee,
1089 2410 1129 2472 de
1151 2409 1264 2494 quibus

348 2528 454 2575 sermo
476 2523 545 2591 est,
583 2511 755 2576 arctissime
780 2513 963 2576 cohaerent
1006 2513 1121 2596 (Οσιρ
1144 2512 1264 2591 Orell.)

285 2613 319 2696 7)
347 2588 464 2682 δοκεῖ
481 2614 743 2704 γίνεσθαι]
741 2615 819 2681 Ald.
837 2615 872 2679 2.
892 2615 1050 2702 γίνεσθαι
1071 2615 1168 2683 δοκιι.

350 2844 410 2940 τ’ζν
435 2821 641 2911 ἕιμαθμὲνην·

286 2919 322 3005 9)
350 2917 394 2989 οὗ
426 2917 508 2989 κατ’
547 2919 696 3006 ἀυτὴν]
746 2923 842 2990 Mon.
876 2923 1012 2990 etAld.
1043 2923 1076 2988 2.
1109 2944 1150 2992 ον
1181 2915 1267 2990 κατὰ

271 3041 274 3048 “
349 3019 481 3108 ταύτην.

268 3128 321 3209 10)
348 3124 399 3194 τὰ
424 3129 495 3211 τῆς
523 3122 667 3218 τύχης]
703 3125 780 3196 Ald.
807 3132 840 3195 2.
869 3125 913 3196 τὰ
939 3128 998 3212 τῆς
1023 3129 1135 3223 ψυχῆς
1163 3127 1264 3194 Male.

270 3241 273 3248 “
350 3233 441 3297 Haec
478 3243 582 3296 tamen
625 3235 724 3306 verba
766 3233 946 3318 saepissime
980 3244 1198 3317 permutantur
1232 3231 1266 3295 iu

273 3327 283 3350 ⁴
350 3335 476 3401 Msstis.
534 3336 620 3402 Vide
649 3359 730 3421 quae
758 3337 998 3418 observavimus
1024 3340 1063 3400 ad
1083 3333 1267 3418 Demophili

216 3419 219 3436 ¹
351 3439 451 3504 Simil.
475 3438 516 3506 29
538 3451 569 3504 et
591 3440 644 3506 32.
666 3440 699 3504 in
720 3423 845 3525 Opusc.
867 3452 934 3504 vet.
954 3441 1071 3504 Graec.
1095 3437 1267 3504 sententio-

272 3563 277 3572 ·
350 3542 392 3605 sis
414 3566 449 3626 p.
472 3543 548 3607 447.
582 3544 654 3625 (Ο.)

269 3645 323 3728 11)
350 3641 372 3728 ἡ
393 3642 561 3728 ζήτησις
581 3641 696 3738 περὶ]
719 3645 847 3711 Α11.1.
869 3639 889 3728 ἡ
912 3639 1045 3728 ζήτησις
1065 3639 1085 3726 ἡ
1107 3639 1180 3734 περ)
1201 3657 1267 3708 etc.

270 3751 324 3834 12)
350 3743 567 3831 ἡτοιαύτη
596 3743 745 3842 φύσις]
779 3749 831 3813 Sic
854 3749 961 3813 Havu.
993 3749 1089 3812 Mon.
1126 3749 1202 3812 Ald.
1231 3748 1269 3816 2.

352 3864 384 3916 et
406 3847 512 3919 Casel.
538 3845 557 3935 ἡ
579 3846 690 3922 τοιάδε
713 3847 814 3947 φύσις
835 3853 912 3920 Ald.
936 3853 968 3917 1.
991 3862 1023 3916 et
1044 3853 1153 3918 Lond.
1185 3921 1190 3940 ι
