2828 4792
275 416 315 478 48

260 577 344 664 ζώου
364 577 539 671 γινόμενα,
575 579 621 670 μὴ
645 577 855 670 ὁρμήσαντος
883 585 942 650 τοῦ
971 578 1076 664 ζάου,
1113 579 1200 652 ἄλλά
1222 583 1280 652 διά

261 687 300 752 τό
321 687 638 772 συγκατατίθεσθαι
679 693 739 772 μέν
760 683 798 752 τό
820 687 901 766 ζῶον
914 692 970 754 καὶ
984 682 1129 776 ὁρμῆσαι
1143 687 1278 784 γίνεται,

261 788 307 879 μὴ
328 791 623 875 συγκαταθεμένου
646 785 675 868 6)
704 791 740 853 δὲ
763 785 800 854 οὐ
823 789 959 873 γίνεται.
1011 791 1126 854 Ταῦτα
1150 791 1201 856 έιιλ
1230 791 1275 880 τῷ

176 885 179 892 s
261 888 329 982 ζάιμ
352 897 455 978 φασὶν
477 893 576 970 έῐναι,
624 891 657 971 ἐξ
676 885 820 977 ἀνάγκης
839 897 899 979 μὲν
928 885 1065 979 ἐσόμενα
1094 887 1138 958 ἐπ’
1170 887 1276 982 άυτῷ,
1325 919 1327 933 ·

262 991 386 1084 οὐγὰρ
409 987 481 1060 ὁίόν
502 1017 537 1059 τε
559 990 685 1073 ἄλλως,
713 995 760 1085 τῷ
782 989 886 1082 δὲμὴ
910 990 1085 1062 δύνασθαι
1107 990 1146 1060 δι’
1171 991 1275 1062 ἰίλλου

261 1094 366 1178 τινός,
388 1091 409 1178 ἢ
430 1093 487 1163 διά
508 1091 628 1162 τούτου
649 1099 827 1180 γενέσθαι,
848 1089 924 1183 μηδ’
947 1093 1055 1174 άλλως
1075 1091 1097 1177 ἢ
1119 1091 1205 1162 όιίτω
1220 1093 1277 1164 διά

262 1196 404 1281 τούτου,
425 1200 472 1290 τῷ
494 1201 577 1265 έῖναι
599 1192 687 1265 άυτά
707 1199 759 1266 ἐπὶ
780 1199 827 1290 τῷ
849 1194 919 1290 ζώω
943 1193 1125 1280 ὀιηθέντες.
1164 1193 1277 1266 Ἀλλά

259 1297 358 1370 τοῦτό
390 1327 426 1388 γε
458 1306 513 1368 καὶ
548 1302 599 1366 ἐπὶ
628 1301 691 1368 τῶν
719 1297 828 1368 ἄλλων
857 1297 999 1368 ἑκάστου
1034 1304 1137 1388 λέγειν
1166 1303 1272 1369 ἐστίν·

261 1401 336 1474 ὀότε
356 1402 421 1499 γάρ
443 1400 482 1470 τὸ
504 1399 563 1470 διά
582 1403 644 1484 τοῦ
664 1399 769 1493 πυρὸς
789 1398 962 1491 γινόμενον
983 1398 1034 1471 ὑπ’
1059 1401 1166 1471 άλλου
1187 1401 1277 1483 τινὸς

262 1506 304 1578 &bv
331 1511 477 1594 γένοιτο,
518 1498 586 1571 οὔτ’
621 1500 728 1582 ἄλλως
759 1502 817 1572 διά
847 1508 907 1572 τοῦ
934 1503 1059 1597 πυρὸς,
1095 1503 1196 1588 ἢδιά
1217 1510 1277 1575 τοῦ

260 1610 451 1702 θερμῆναι,
488 1604 530 1686 ὡς
551 1601 581 1674 δ’
607 1607 673 1674 ἐπεὶ
693 1603 771 1695 μηδ’
793 1604 900 1686 άλλως
924 1612 1052 1694 γένοιτο
1075 1607 1118 1678 τά
1138 1605 1196 1682 διά
1216 1613 1276 1678 τοῦ

261 1711 366 1805 ιτυρὸς
386 1707 560 1800 γινόμενα,
595 1705 617 1791 ἢ
638 1707 872 1800 θερμήναντος
899 1715 958 1780 τοῦ
986 1709 1091 1802 νιυρός
1114 1718 1170 1780 καὶ
1191 1717 1276 1804 θερ-

262 1813 428 1906 μήναντος
448 1821 508 1902 μέν
531 1809 635 1880 άυτοῦ
657 1812 780 1896 ἔσται,
813 1811 859 1902 μὴ
888 1809 1123 1905 θερμήναντος
1152 1820 1186 1884 δέ
1217 1817 1277 1886 οὐκ

261 1921 373 2001 ἔσται,
408 1919 455 1999 έίη
477 1912 518 1984 ἂν
540 1917 590 1984 ἐπὶ
618 1917 663 2008 τῷ
691 1923 770 2009 πυρὶ
792 1919 909 1986 ταῦτα.
956 1915 1008 1984 Τά
1042 1914 1072 1984 δ’
1102 1915 1190 1988 άυτά
1218 1925 1277 1995 καὶ

262 2018 317 2117 ὑφ’
342 2015 481 2092 ἑκάστου
503 2021 566 2088 τῶν
588 2015 697 2087 ἄλλων
718 2019 812 2088 ἔσται
832 2025 936 2108 λέγειν
959 2020 1031 2103 ⁶b).
1079 2023 1120 2090 Τί
1140 2019 1204 2115 γάρ
1227 2026 1281 2090 δεῖ

261 2129 497 2218 μακρολογεῖν,
517 2117 692 2210 γεγονότος
713 2124 773 2192 τοῦ
794 2126 970 2212 λεγομένου
991 2125 1177 2214 γνωρίμους
1201 2122 1276 2194 ὀνο-

248 2269 249 2274 1
262 2225 376 2319 μάτων
395 2236 455 2315 μὲν
482 2225 548 2318 γάρ
577 2226 607 2308 7)
637 2223 741 2304 οὐδεὶς
770 2222 915 2319 φθόνος.
974 2224 1022 2296 Τό
1051 2222 1081 2294 ‹5'
1114 2225 1277 2315 ἡγεῖσθαι

262 2337 363 2402 πλέον
390 2354 424 2398 τι
453 2335 524 2407 τοῖς
551 2323 647 2410 ζώοις
675 2323 821 2410 διδόναι,
857 2331 890 2398 έυ
922 2335 992 2409 τοῖς
1018 2334 1201 2418 γινομένοις
1233 2329 1275 2401 δι’

262 2432 387 2515 άυτῶυ,
422 2430 515 2524 παρὰ
543 2427 653 2499 τᾶλλα
674 2428 713 2498 δι’
739 2422 837 2500 ὧντε
865 2432 894 2515 ⁸)
924 2440 980 2502 καὶ
1001 2429 1108 2502 άυσῶν
1128 2437 1275 2520 γίνηται,

260 2541 363 2628 μηδὲν
383 2540 480 2604 πλέον
500 2536 561 2601 τοῦ
582 2528 627 2602 ἐπ’
657 2529 771 2614 άυτοῐς
803 2531 970 2624 ὀνόματος
1003 2539 1183 2628 τηροῦντας
1214 2535 1275 2606 άν-

229 2681 232 2686 -
261 2647 347 2722 τοῖς,
383 2635 468 2714 τοῦτ’
501 2634 584 2706 άυτό
619 2633 807 2720 άιτιατέον,
844 2634 887 2717 ὡς
909 2635 1017 2708 άυτῶν
1039 2636 1274 2729 άπαιωμένων,

261 2742 321 2812 ὁιόι
341 2740 400 2825 τὴν
420 2742 480 2811 τοῦ
504 2737 670 2828 ὀνόματος
692 2741 879 2823 κοινωνίαν,
915 2737 937 2823 ἢ
969 2737 1013 2821 ὡς
1044 2741 1122 2822 τοὺς
1154 2741 1275 2824 ἄλλους

262 2843 396 2937 άιιατᾷν
416 2847 693 2936 προαιρουμένων.
731 2839 803 2911 Ἐπὶ
826 2840 931 2937 τούτῳ
954 2847 1008 2927 δὲ,
1039 2848 1139 2914 έκεῖνο
1162 2845 1203 2916 άν
1224 2873 1276 2926 τις

262 2947 370 3019 άυτῶν
391 2943 615 3036 θαυμάσειεν,
652 2949 684 3014 τί
706 2943 883 3032 μαθόντες
911 2952 945 3016 ἐν
972 2950 1013 3043 τῇ
1046 2945 1130 3045 ὁρμῇ
1158 2975 1191 3016 τε
1218 2957 1275 3019 καὶ
1339 3024 1343 3030 ,

263 3055 512 3140 συγκαταθέσει
529 3047 582 3128 ,τό
618 3046 667 3145 ἐφ’
701 3047 779 3139 ἡμῖν
811 3075 916 3144 φασιν
952 3053 1051 3133 ε’ἰνοιι,
1097 3049 1137 3122 δι’
1167 3049 1187 3120 ό
1218 3061 1276 3122 καὶ

263 3151 383 3245 ὁμοίιος
405 3157 439 3224 ἐν
459 3157 542 3224 ιιᾶσι
563 3160 633 3233 τοῖς
655 3150 750 3235 ζώοις
772 3155 929 3245 τηροῦσιν
951 3149 1054 3222 άυιό·
1088 3153 1126 3224 οὐ
1148 3154 1212 3249 γάρ
1235 3156 1275 3224 τό

261 3255 311 3353 ἐφ’
334 3255 412 3347 ἡμῖν
433 3260 466 3327 ἐν
488 3260 534 3351 τῷ
564 3259 753 3352 φαντασίας
781 3253 1028 3348 προςιιεσοόσιγς
1060 3260 1142 3350 έῐξαί
1173 3285 1207 3326 τε
1240 3261 1275 3342 ἐξ

261 3363 385 3432 ἑαυτῶν
405 3363 445 3458 τῇ
467 3362 639 3456 φαντασίᾳ
662 3365 718 3427 καὶ
741 3355 888 3452 ὁρμῆσαι
909 3363 961 3429 εἰιὶ
981 3358 1020 3430 τό
1043 3370 1165 3453 φανὲν,
1187 3359 1273 3432 άλλά

208 3513 213 3522 ·
263 3467 362 3535 τοῦτο
383 3472 443 3553 μέν
464 3461 505 3532 ἄν
527 3465 605 3542 ἴσως
630 3464 677 3546 ε’ίιγ
705 3464 766 3530 τοῦ
792 3463 942 3550 ἑκουσίου
971 3453 1274 3542 κατασκευαστικόν

261 3594 296 3638 τε
323 3574 379 3636 καὶ
407 3561 577 3635 ὃεικτικόν.
614 3562 673 3634 ’ου
693 3563 759 3654 μὴν
780 3564 903 3659 τάυτὸν
926 3563 1009 3649 τό,τε
1038 3565 1189 3638 ἑκούσιον
1214 3577 1272 3638 καὶ

260 3669 300 3740 τὸ
322 3668 371 3765 ἐφ’
395 3667 491 3760 ἡμῖν·
525 3663 674 3750 ἑκούσιον
694 3678 754 3757 μὲν
781 3667 881 3754 τὸ·ε’ξ
906 3666 1072 3758 άβιάστου
1100 3668 1273 3760 γινόμενον

262 3777 557 3862 συγκαταθέσεως,
594 3767 642 3866 ἐφ’
676 3769 754 3862 ἡμῖν
782 3777 818 3841 δὲ
847 3772 885 3840 τὸ
913 3770 1085 3862 γινόμενον
1108 3775 1193 3863 μετά
1213 3779 1273 3859 τῆς

262 3872 470 3964 κατὰλόγον
492 3902 526 3944 τε
547 3881 603 3944 καὶ
631 3877 739 3967 κρίσιν
767 3871 1064 3964 συγκαταθέσεως·
1102 3875 1154 3946 διό
1184 3881 1211 3946 ἐί
1238 3905 1273 3946 τι

262 3989 323 4070 μὲν
344 3977 392 4075 ἐφ’
424 3975 501 4069 ἡμῖν
512 4032 521 4063 ,
558 3981 656 4052 τοῦτο
684 3986 744 4068 κοιλι
768 3976 917 4050 ἑκούσιον
929 4033 937 4064 ,
974 3977 1012 4048 οὐ
1041 3978 1105 4069 μὴν
1132 3975 1200 4052 ιτᾶν
1232 3981 1271 4052 τό
1340 3989 1344 3996 “
