2782 4790
1068 351 1129 456 iet

112 564 207 630 Paris
229 563 293 626 hoc
315 561 356 624 sit
388 556 607 644 cogitationis,
646 555 712 624 imo
739 559 845 642 potius
873 560 1119 648 incogitantiae,

115 666 200 733 acsi
222 663 437 750 cognitionem
458 683 538 746 quae
559 682 656 744 penes
674 673 760 728 muta
774 678 822 728 est
837 665 1020 742 animantia,
1044 686 1126 732 cum.

82 809 84 814 ·
113 783 224 838 nostra
241 765 492 850 'aeqrriparemus
511 777 617 849 ¹atque
645 763 705 829 illis
736 767 829 832 etiam
849 769 1021 832 tribuamus
1043 789 1119 852 per·
1146 835 1150 844 ,

112 873 291 958 ceptionem
321 891 427 933 rerum
458 868 681 934 universalium
711 882 743 932 et
771 871 943 936 intellectui
973 873 1034 938 soli
1055 895 1112 956 pa·

111 976 255 1042 tentium.
297 975 351 1038 Ac
370 974 464 1058 plane
485 971 512 1036 si
531 972 741 1036 necessarium
756 987 803 1038 est
818 975 907 1040 Deos
924 997 1015 1054 esse,
1044 999 1114 1040 om-

112 1079 202 1161 nium,
215 1088 379 1162 quaesunt
393 1097 502 1140 causas
518 1075 624 1140 unicas
640 1077 691 1142 vel
703 1077 784 1140 inter
798 1100 927 1157 causas,
951 1083 1116 1164 quomodo

112 1183 229 1248 rationi
265 1181 326 1246 erit
361 1191 625 1257 consentaneum,
675 1193 728 1244 aut
759 1182 912 1268 ignorare
950 1205 1005 1248 eos
1038 1205 1115 1250 suos

111 1289 236 1365 foetus,
271 1299 326 1350 aut
347 1307 478 1350 suorum
501 1285 645 1352 foemam
670 1298 787 1369 opera,
826 1298 879 1349 aut
900 1308 982 1370 quae
1002 1289 1041 1350 ab
1071 1285 1116 1352 eis

111 1391 225 1476 quovis
247 1392 344 1455 modo
367 1389 559 1480 efficiuntur,
584 1401 638 1452 aut
659 1392 696 1454 de
717 1389 754 1456 iis
773 1403 922 1474 tanquam
940 1392 1031 1454 adse
1047 1411 1113 1454 non

110 1493 361 1578 pertinentibus,
399 1513 500 1576 neque
521 1493 553 1556 in
573 1493 717 1576 ipsorum
741 1505 901 1576 potestate
919 1493 1032 1576 positis
1055 1497 1113 1556 du-

109 1598 192 1662 biam
212 1599 331 1660 habere
350 1596 582 1680 cognitionem,
614 1591 713 1674 oum„
733 1598 887 1662 utrumvis
912 1599 1027 1662 horum
1050 1619 1114 1680 po·

109 1723 181 1778 nas,
215 1699 290 1762 fieri
313 1711 448 1782 nequeat
478 1712 514 1764 ut
541 1721 593 1764 nes
624 1715 749 1766 nostras
782 1711 893 1764 curent
915 1699 971 1766 Dii
995 1722 1034 1765 eo
1057 1722 1113 1764 cu-

108 1803 199 1868 randi
213 1805 329 1879 modo,
354 1803 410 1886 qui
429 1803 574 1886 ipsorum
594 1804 812 1888 providentiae
834 1803 1026 1868 conveniat?
1049 1804 1113 1886 Qui
1215 1875 1220 1880 ,
1322 1862 1325 1867 .

109 1910 222 1971 modus
245 1905 271 1970 is
294 1918 359 1982 est,
389 1918 425 1972 ut
443 1928 485 1970 ex
496 1906 572 1990 'ipsa
592 1919 704 1972 natura
722 1928 833 1972 eorum
858 1929 939 1991 quae
964 1920 1114 1971 curantur

109 2031 217 2074 curam
230 2021 359 2093 gerant,
384 2022 415 2072 et
425 2011 512 2075 velut
523 2032 564 2074 ex
575 2033 681 2094 puppe
690 2013 885 2096 gubernent,
909 2033 974 2074 non
988 2013 1115 2074 consul·

109 2115 224 2189 tando,
249 2111 331 2175 sicut
352 2115 390 2178 dc
407 2112 451 2176 eis
473 2114 646 2197 loquuntur
666 2115 784 2195 poe'tae
805 2115 1007 2193 (consultatio
1036 2098 1117 2177 enirn

109 2211 289 2301 indigentia
302 2228 351 2279 cst
370 2217 605 2299 prudentiae),
630 2239 690 2280 nec
714 2221 802 2301 quod
822 2217 897 2282 alias
921 2217 981 2284 alia
1003 2205 1124 2282 decer-¹

111 2331 185 2382 nant
203 2341 241 2382 ac
261 2319 395 2394 faciant3
424 2321 456 2384 id
482 2321 563 2385 enim
586 2321 813 2418 dissentaneum
836 2333 883 2384 est
911 2323 950 2384 ab
970 2311 1113 2403 ipsorum

11 2433 12 2440 ’
111 2421 298 2506 operatione
330 2445 392 2486 una
417 2444 541 2505 semper
566 2437 597 2486 et
623 2424 756 2506 simplici
781 2436 812 2486 et
839 2424 1044 2500 immutabili,
1082 2438 1115 2488 et

111 2526 187 2590 solis
214 2525 251 2589 iis
274 2526 440 2602 convenit,
465 2549 544 2609 qnae
563 2538 686 2609 tempus
709 2527 885 2603 dimetitur,
910 2549 1053 2611 quaeque
1075 2549 1116 2592 ex

113 2621 238 2694 dilectu
256 2651 327 2691 suas
352 2629 553 2712 operationes
579 2632 692 2706 edunt,
731 2633 788 2696 sed
818 2631 909 2714 ipso,
948 2634 1042 2714 quod·
1057 2631 1120 2693 dici

58 2761 62 2766 ·
111 2734 192 2798 solet
214 2753 273 2796 suo
296 2753 386 2808 esse,
425 2733 505 2795 sicut
529 2733 607 2808 Sol,
643 2755 707 2798 non
729 2733 909 2798 consultans
930 2755 1032 2818 neque
1058 2734 1117 2796 im-

58 2837 60 2844 '
111 2835 277 2900 mutationi
299 2835 481 2912 obnoxius,
512 2839 569 2898 sed
594 2857 633 2898 eo
655 2837 726 2918 ipso
748 2841 836 2919 quod
859 2851 907 2901 est
935 2851 966 2902 et
988 2859 1114 2920 semper

111 2951 238 3014 manet,
274 2938 301 3000 si
331 2960 383 3002 res
413 2951 500 3002 recte
532 2939 742 3024 intelligatur,
781 2941 890 3022 implet
918 2942 1023 3004 omnia
1055 2964 1115 3004 suo

111 3041 333 3131 luminelquae
357 3041 435 3104 illud
460 3042 657 3125 participare.
684 3055 755 3106 sunt
783 3040 911 3108 idonea(
962 3047 1058 3126 Quod
1088 3046 1114 3108 si

110 3145 166 3211 illo
198 3166 267 3228 quo¹
293 3145 401 3210 dicunt
428 3149 524 3212 niodo
554 3147 727 3210 consistere
756 3158 861 3228 potest
892 3148 1112 3229 providentia,

110 3236 238 3331 precari
259 3260 291 3310 ct
311 3269 401 3312 sacra
427 3249 533 3316 facere
561 3253 601 3313 ad
631 3237 845 3332 impetrandos
873 3261 950 3333 puta
979 3251 1113 3326 imbres,

112 3363 165 3421 aut
185 3351 317 3436 frugum
340 3351 464 3434 copiam
486 3365 539 3415 aut
561 3353 745 3431 uictoriam,
773 3375 906 3444 quantun
928 3375 1039 3436 nempe
1057 3365 1113 3418 're-

111 3477 184 3524 rum
205 3467 354 3522 eventum
375 3456 429 3522 Dii
452 3455 622 3541 ignorent,
653 3479 718 3521 non
740 3457 837 3541 longe
860 3458 947 3520 abest
969 3460 1008 3519 ab
1030 3458 1113 3520 insa-

112 3558 176 3621 nia.
243 3558 339 3637 Quod
367 3557 395 3621 si
421 3558 481 3621 ista
500 3558 548 3621 sic
570 3581 603 3624 se
625 3561 742 3623 habere
771 3583 842 3636 non,
864 3572 1015 3642 possunt,
1049 3561 1113 3625 imo

113 3673 145 3724 et
167 3661 253 3724 dictu
275 3661 479 3746 cogitatuque
507 3673 580 3726 sunt
608 3663 725 3746 impia,
763 3662 893 3746 ipsaque
923 3665 1116 3745 experientia

113 3764 319 3840 refelluntur,
359 3777 395 3830 ut
422 3777 453 3828 et
482 3764 663 3847 multiplicia
691 3765 865 3829 divinmum
895 3767 1115 3849 operationum

115 3867 265 3952 negotia,
282 3955 284 3960 Ι
304 3880 335 3930 et
363 3890 399 3932 ea
432 3891 511 3952 quae
543 3869 621 3931 fiunt
649 3881 684 3932 ut
711 3867 754 3932 ita
783 3869 920 3932 dicamus
949 3870 1111 3954 quotidie,

117 3970 317 4046 considerare
340 3972 518 4044 volentibus
553 3975 738 4053 ostendunt,
785 3972 948 4044 dicendum
971 3987 1056 4042 certe
1078 3996 1119 4045 ea
