<?xml version="1.0" encoding="UTF-8"?>
<!DOCTYPE html PUBLIC "-//W3C//DTD XHTML 1.0 Transitional//EN"
    "http://www.w3.org/TR/xhtml1/DTD/xhtml1-transitional.dtd">
<html xmlns="http://www.w3.org/1999/xhtml" xml:lang="en" lang="en">
 <head>
  <title>
</title>
<meta http-equiv="Content-Type" content="text/html;charset=utf-8" />
  <meta name='ocr-system' content='tesseract 3.04.00' />
  <meta name='ocr-capabilities' content='ocr_page ocr_carea ocr_par ocr_line ocrx_word'/>
</head>
<body>
  <div class='ocr_page' id='page_1' title='image "./alexandriaphrod01bardgoog_0097.png"; bbox 0 0 2812 4792; ppageno 0'>
   <div class='ocr_carea' id='block_1_1' title="bbox 282 411 325 473">
    <p class='ocr_par' dir='ltr' id='par_1_1' title="bbox 282 411 325 473">
     <span class='ocr_line' id='line_1_1' title="bbox 282 411 325 473; baseline 0.023 -1"><span class='ocrx_word' id='word_1_1' title='bbox 282 411 325 473; x_wconf 55' lang='lat'><strong><em>82¹</em></strong></span> 
     </span>
    </p>
   </div>
   <div class='ocr_carea' id='block_1_2' title="bbox 278 572 1296 770">
    <p class='ocr_par' dir='ltr' id='par_1_2' title="bbox 278 572 1296 770">
     <span class='ocr_line' id='line_1_2' title="bbox 281 572 1296 668; baseline -0.002 -22"><span class='ocrx_word' id='word_1_2' title='bbox 281 573 444 668; x_wconf 75' lang='grc' dir='ltr'><strong><em>καθάπερ</em></strong></span> <span class='ocrx_word' id='word_1_3' title='bbox 462 573 537 644; x_wconf 79' lang='grc' dir='ltr'><strong><em>οὐδὲ</em></strong></span> <span class='ocrx_word' id='word_1_4' title='bbox 561 573 623 656; x_wconf 81' lang='grc' dir='ltr'><strong><em>τὴν·</em></strong></span> <span class='ocrx_word' id='word_1_5' title='bbox 642 578 701 642; x_wconf 82' lang='grc' dir='ltr'><strong><em>τοῦ</em></strong></span> <span class='ocrx_word' id='word_1_6' title='bbox 725 572 817 642; x_wconf 85' lang='grc' dir='ltr'><strong><em>ἀίκου</em></strong></span> <span class='ocrx_word' id='word_1_7' title='bbox 840 581 896 642; x_wconf 88' lang='grc' dir='ltr'><strong><em>καὶ</em></strong></span> <span class='ocrx_word' id='word_1_8' title='bbox 917 573 977 655; x_wconf 82' lang='grc' dir='ltr'><strong><em>τὴν</em></strong></span> <span class='ocrx_word' id='word_1_9' title='bbox 999 578 1059 643; x_wconf 85' lang='grc' dir='ltr'><strong><em>τοῦ</em></strong></span> <span class='ocrx_word' id='word_1_10' title='bbox 1074 573 1237 644; x_wconf 77' lang='grc' dir='ltr'><strong><em>δεσπότου</em></strong></span> <span class='ocrx_word' id='word_1_11' title='bbox 1254 577 1296 658; x_wconf 79' lang='lat'><strong><em>¹⁸)</em></strong></span> 
     </span>
     <span class='ocr_line' id='line_1_3' title="bbox 278 673 935 770; baseline -0.009 -21"><span class='ocrx_word' id='word_1_12' title='bbox 278 678 300 763; x_wconf 80' lang='grc' dir='ltr'><em>ἡ</em></span> <span class='ocrx_word' id='word_1_13' title='bbox 322 682 466 770; x_wconf 80' lang='grc' dir='ltr'><em>τυχοῦσα</em></span> <span class='ocrx_word' id='word_1_14' title='bbox 488 680 552 746; x_wconf 81' lang='grc' dir='ltr'><strong><em>τῶν</em></strong></span> <span class='ocrx_word' id='word_1_15' title='bbox 575 673 709 745; x_wconf 80' lang='grc' dir='ltr'><strong><em>οἰκετῶν</em></strong></span> <span class='ocrx_word' id='word_1_16' title='bbox 728 678 935 768; x_wconf 74' lang='grc' dir='ltr'><strong><em>ρᾳὃιουργία.</em></strong></span> 
     </span>
    </p>
   </div>
   <div class='ocr_carea' id='block_1_3' title="bbox 722 865 838 932">
    <p class='ocr_par' dir='ltr' id='par_1_3' title="bbox 722 865 838 932">
     <span class='ocr_line' id='line_1_4' title="bbox 722 865 838 932; baseline 0.017 -2"><span class='ocrx_word' id='word_1_17' title='bbox 722 865 800 930; x_wconf 87' lang='grc' dir='ltr'><strong><em>ΚΣ</em></strong></span> <span class='ocrx_word' id='word_1_18' title='bbox 802 868 838 932; x_wconf 86' lang='grc' dir='ltr'><strong><em>Τ.</em></strong></span> 
     </span>
    </p>
   </div>
   <div class='ocr_carea' id='block_1_4' title="bbox 211 981 1302 3859">
    <p class='ocr_par' dir='ltr' id='par_1_4' title="bbox 266 981 1293 2209">
     <span class='ocr_line' id='line_1_5' title="bbox 336 981 1291 1104; baseline 0.004 -50.056"><span class='ocrx_word' id='word_1_19' title='bbox 336 983 379 1055; x_wconf 83' lang='grc' dir='ltr'><em>Α</em></span> <span class='ocrx_word' id='word_1_20' title='bbox 400 982 480 1053; x_wconf 81' lang='grc' dir='ltr'><strong><em>δὲ</em></strong></span> <span class='ocrx_word' id='word_1_21' title='bbox 461 987 626 1104; x_wconf 80' lang='grc' dir='ltr'><strong><em>ἀποροῦσι</em></strong></span> <span class='ocrx_word' id='word_1_22' title='bbox 652 981 736 1076; x_wconf 89' lang='grc' dir='ltr'><strong><em>πρὸς</em></strong></span> <span class='ocrx_word' id='word_1_23' title='bbox 762 983 800 1051; x_wconf 87' lang='grc' dir='ltr'><strong><em>τὸ</em></strong></span> <span class='ocrx_word' id='word_1_24' title='bbox 829 987 912 1054; x_wconf 82' lang='grc' dir='ltr'><strong><em>ἕῖναι</em></strong></span> <span class='ocrx_word' id='word_1_25' title='bbox 940 989 1092 1057; x_wconf 82' lang='grc' dir='ltr'><strong><em>τοιοῦτον</em></strong></span> <span class='ocrx_word' id='word_1_26' title='bbox 1122 987 1171 1084; x_wconf 81' lang='grc' dir='ltr'><strong><em>ἐφ</em></strong></span> <span class='ocrx_word' id='word_1_27' title='bbox 1194 985 1291 1088; x_wconf 81' lang='grc' dir='ltr'><strong><em>ἡιιῖν</em></strong></span> 
     </span>
     <span class='ocr_line' id='line_1_6' title="bbox 275 1083 1287 1182; baseline 0.004 -26"><span class='ocrx_word' id='word_1_28' title='bbox 275 1086 392 1156; x_wconf 87' lang='grc' dir='ltr'><strong><em>ὁποῖον</em></strong></span> <span class='ocrx_word' id='word_1_29' title='bbox 415 1084 436 1171; x_wconf 79' lang='grc' dir='ltr'><em>ἦ</em></span> <span class='ocrx_word' id='word_1_30' title='bbox 459 1086 551 1169; x_wconf 79' lang='grc' dir='ltr'><strong><em>κοινὴ</em></strong></span> <span class='ocrx_word' id='word_1_31' title='bbox 573 1083 742 1182; x_wconf 81' lang='grc' dir='ltr'><strong><em>πρόληψις</em></strong></span> <span class='ocrx_word' id='word_1_32' title='bbox 764 1090 827 1155; x_wconf 79' lang='grc' dir='ltr'><strong><em>τῶν</em></strong></span> <span class='ocrx_word' id='word_1_33' title='bbox 848 1085 1039 1182; x_wconf 72' lang='grc' dir='ltr'><strong><em>ἀνθροιπιον</em></strong></span> <span class='ocrx_word' id='word_1_34' title='bbox 1063 1093 1287 1180; x_wconf 80' lang='grc' dir='ltr'><strong><em>πεπίστευκεν,</em></strong></span> 
     </span>
     <span class='ocr_line' id='line_1_7' title="bbox 274 1186 1288 1286; baseline 0.004 -28"><span class='ocrx_word' id='word_1_35' title='bbox 274 1188 409 1284; x_wconf 86' lang='grc' dir='ltr'><strong><em>ἀπορεῖν</em></strong></span> <span class='ocrx_word' id='word_1_36' title='bbox 435 1198 495 1280; x_wconf 78' lang='grc' dir='ltr'><strong><em>μὲν</em></strong></span> <span class='ocrx_word' id='word_1_37' title='bbox 526 1187 586 1258; x_wconf 84' lang='grc' dir='ltr'><strong><em>οόκ</em></strong></span> <span class='ocrx_word' id='word_1_38' title='bbox 620 1186 764 1276; x_wconf 78' lang='grc' dir='ltr'><strong><em>ἄλογον</em></strong></span> <span class='ocrx_word' id='word_1_39' title='bbox 806 1187 845 1257; x_wconf 85' lang='grc' dir='ltr'><strong><em>τό</em></strong></span> <span class='ocrx_word' id='word_1_40' title='bbox 877 1194 913 1259; x_wconf 76' lang='grc' dir='ltr'><strong><em>δὲ</em></strong></span> <span class='ocrx_word' id='word_1_41' title='bbox 941 1199 1012 1271; x_wconf 89' lang='grc' dir='ltr'><strong><em>τοῖς</em></strong></span> <span class='ocrx_word' id='word_1_42' title='bbox 1047 1188 1288 1286; x_wconf 78' lang='grc' dir='ltr'><strong><em>ἀπορουμένοις</em></strong></span> 
     </span>
     <span class='ocr_line' id='line_1_8' title="bbox 273 1288 1288 1388; baseline 0.002 -26"><span class='ocrx_word' id='word_1_43' title='bbox 273 1299 511 1388; x_wconf 78' lang='grc' dir='ltr'><strong><em>ἕπογουμένους</em></strong></span> <span class='ocrx_word' id='word_1_44' title='bbox 546 1289 590 1372; x_wconf 84' lang='grc' dir='ltr'><strong><em>ὡς</em></strong></span> <span class='ocrx_word' id='word_1_45' title='bbox 631 1288 929 1381; x_wconf 75' lang='grc' dir='ltr'><strong><em>ὁμολογουμένοις,</em></strong></span> <span class='ocrx_word' id='word_1_46' title='bbox 975 1291 1123 1386; x_wconf 78' lang='grc' dir='ltr'><strong><em>ἀναιρεῖν</em></strong></span> <span class='ocrx_word' id='word_1_47' title='bbox 1157 1303 1217 1384; x_wconf 81' lang='grc' dir='ltr'><strong><em>μὲν</em></strong></span> <span class='ocrx_word' id='word_1_48' title='bbox 1243 1295 1288 1364; x_wconf 81' lang='grc' dir='ltr'><strong><em>τὰ</em></strong></span> 
     </span>
     <span class='ocr_line' id='line_1_9' title="bbox 273 1394 1288 1488; baseline 0.001 -23"><span class='ocrx_word' id='word_1_49' title='bbox 273 1394 377 1476; x_wconf 88' lang='grc' dir='ltr'><strong><em>όύτως</em></strong></span> <span class='ocrx_word' id='word_1_50' title='bbox 398 1399 518 1486; x_wconf 79' lang='grc' dir='ltr'><strong><em>ἐναργῆ</em></strong></span> <span class='ocrx_word' id='word_1_51' title='bbox 544 1400 588 1477; x_wconf 87' lang='lat'><strong><em>¹),</em></strong></span> <span class='ocrx_word' id='word_1_52' title='bbox 627 1397 853 1488; x_wconf 78' lang='grc' dir='ltr'><strong><em>σκιαγραφίαν</em></strong></span> <span class='ocrx_word' id='word_1_53' title='bbox 885 1399 922 1462; x_wconf 80' lang='grc' dir='ltr'><strong><em>δέ</em></strong></span> <span class='ocrx_word' id='word_1_54' title='bbox 951 1422 1027 1464; x_wconf 90' lang='grc' dir='ltr'><strong><em>τινα</em></strong></span> <span class='ocrx_word' id='word_1_55' title='bbox 1062 1403 1119 1464; x_wconf 82' lang='grc' dir='ltr'><strong><em>καὶ</em></strong></span> <span class='ocrx_word' id='word_1_56' title='bbox 1150 1395 1288 1466; x_wconf 83' lang='grc' dir='ltr'><strong><em>παιδιάν</em></strong></span> 
     </span>
     <span class='ocr_line' id='line_1_10' title="bbox 271 1493 1293 1592; baseline 0.002 -25"><span class='ocrx_word' id='word_1_57' title='bbox 271 1498 470 1592; x_wconf 80' lang='grc' dir='ltr'><strong><em>ἀποφαίνειν</em></strong></span> <span class='ocrx_word' id='word_1_58' title='bbox 498 1497 557 1565; x_wconf 85' lang='grc' dir='ltr'><strong><em>τὸν</em></strong></span> <span class='ocrx_word' id='word_1_59' title='bbox 593 1493 784 1586; x_wconf 76' lang='grc' dir='ltr'><strong><em>ἀνθρώπων</em></strong></span> <span class='ocrx_word' id='word_1_60' title='bbox 814 1500 890 1584; x_wconf 77' lang='grc' dir='ltr'><strong><em>βίον</em></strong></span> <span class='ocrx_word' id='word_1_61' title='bbox 918 1505 974 1566; x_wconf 84' lang='grc' dir='ltr'><strong><em>καὶ</em></strong></span> <span class='ocrx_word' id='word_1_62' title='bbox 998 1502 1293 1588; x_wconf 74' lang='grc' dir='ltr'><strong><em>συναγωνίζεσθαι·</em></strong></span> 
     </span>
     <span class='ocr_line' id='line_1_11' title="bbox 268 1595 1291 1694; baseline 0 -24"><span class='ocrx_word' id='word_1_63' title='bbox 268 1609 339 1682; x_wconf 89' lang='grc' dir='ltr'><strong><em>τοῖς</em></strong></span> <span class='ocrx_word' id='word_1_64' title='bbox 362 1600 602 1694; x_wconf 81' lang='grc' dir='ltr'><strong><em>ἀπορουμένοις</em></strong></span> <span class='ocrx_word' id='word_1_65' title='bbox 626 1595 707 1668; x_wconf 71' lang='grc' dir='ltr'><strong><em>καθ’</em></strong></span> <span class='ocrx_word' id='word_1_66' title='bbox 732 1597 857 1683; x_wconf 79' lang='grc' dir='ltr'><strong><em>ἀυτῶν,</em></strong></span> <span class='ocrx_word' id='word_1_67' title='bbox 885 1605 953 1680; x_wconf 84' lang='grc' dir='ltr'><strong><em>πῶς</em></strong></span> <span class='ocrx_word' id='word_1_68' title='bbox 980 1599 1018 1669; x_wconf 87' lang='grc' dir='ltr'><strong><em>ού</em></strong></span> <span class='ocrx_word' id='word_1_69' title='bbox 1045 1606 1077 1686; x_wconf 76' lang='grc'><strong><em>2)</em></strong></span> <span class='ocrx_word' id='word_1_70' title='bbox 1109 1600 1291 1672; x_wconf 61' lang='grc' dir='ltr'><strong><em>παντάπα-ι</em></strong></span> 
     </span>
     <span class='ocr_line' id='line_1_12' title="bbox 269 1699 1289 1800; baseline 0.003 -27"><span class='ocrx_word' id='word_1_71' title='bbox 269 1730 323 1774; x_wconf 91' lang='grc' dir='ltr'><strong><em>σιν</em></strong></span> <span class='ocrx_word' id='word_1_72' title='bbox 351 1703 474 1791; x_wconf 76' lang='grc' dir='ltr'><strong><em>ἄλογον</em></strong></span> <span class='ocrx_word' id='word_1_73' title='bbox 505 1708 552 1788; x_wconf 81' lang='grc'><strong><em>7);</em></strong></span> <span class='ocrx_word' id='word_1_74' title='bbox 601 1699 647 1770; x_wconf 81' lang='grc' dir='ltr'><strong><em>Οὐ</em></strong></span> <span class='ocrx_word' id='word_1_75' title='bbox 676 1701 742 1794; x_wconf 85' lang='grc' dir='ltr'><strong><em>γάρ</em></strong></span> <span class='ocrx_word' id='word_1_76' title='bbox 768 1706 815 1796; x_wconf 77' lang='grc' dir='ltr'><strong><em>τῷ</em></strong></span> <span class='ocrx_word' id='word_1_77' title='bbox 844 1701 890 1791; x_wconf 83' lang='grc' dir='ltr'><strong><em>μὴ</em></strong></span> <span class='ocrx_word' id='word_1_78' title='bbox 926 1703 956 1785; x_wconf 72' lang='grc'><strong><em>7)</em></strong></span> <span class='ocrx_word' id='word_1_79' title='bbox 990 1708 1158 1800; x_wconf 78' lang='grc' dir='ltr'><strong><em>δυναμένῳ</em></strong></span> <span class='ocrx_word' id='word_1_80' title='bbox 1195 1703 1289 1776; x_wconf 81' lang='grc' dir='ltr'><strong><em>λύειν</em></strong></span> 
     </span>
     <span class='ocr_line' id='line_1_13' title="bbox 268 1802 1282 1892; baseline 0.002 -17"><span class='ocrx_word' id='word_1_81' title='bbox 268 1805 344 1875; x_wconf 86' lang='grc' dir='ltr'><strong><em>τινά</em></strong></span> <span class='ocrx_word' id='word_1_82' title='bbox 377 1810 441 1876; x_wconf 78' lang='grc' dir='ltr'><strong><em>τῶν</em></strong></span> <span class='ocrx_word' id='word_1_83' title='bbox 470 1802 620 1888; x_wconf 78' lang='grc' dir='ltr'><strong><em>Ζήνωνος</em></strong></span> <span class='ocrx_word' id='word_1_84' title='bbox 656 1802 762 1892; x_wconf 86' lang='grc' dir='ltr'><strong><em>λόγων</em></strong></span> <span class='ocrx_word' id='word_1_85' title='bbox 798 1809 862 1874; x_wconf 80' lang='grc' dir='ltr'><strong><em>τῶν</em></strong></span> <span class='ocrx_word' id='word_1_86' title='bbox 897 1805 983 1874; x_wconf 81' lang='grc' dir='ltr'><strong><em>κατὰ</em></strong></span> <span class='ocrx_word' id='word_1_87' title='bbox 1023 1811 1083 1890; x_wconf 82' lang='grc' dir='ltr'><strong><em>τῆς</em></strong></span> <span class='ocrx_word' id='word_1_88' title='bbox 1111 1805 1282 1892; x_wconf 78' lang='grc' dir='ltr'><strong><em>κινήσεως,</em></strong></span> 
     </span>
     <span class='ocr_line' id='line_1_14' title="bbox 267 1905 1284 2005; baseline 0.002 -27"><span class='ocrx_word' id='word_1_89' title='bbox 267 1907 329 1992; x_wconf 79' lang='grc' dir='ltr'><strong><em>ήδη</em></strong></span> <span class='ocrx_word' id='word_1_90' title='bbox 348 1911 473 1993; x_wconf 85' lang='grc' dir='ltr'><strong><em>κίνησιν</em></strong></span> <span class='ocrx_word' id='word_1_91' title='bbox 497 1905 707 2000; x_wconf 85' lang='grc' dir='ltr'><strong><em>ἀναιρετέον,</em></strong></span> <span class='ocrx_word' id='word_1_92' title='bbox 743 1913 924 2001; x_wconf 75' lang='grc' dir='ltr'><strong><em>ἱκανωτέρα</em></strong></span> <span class='ocrx_word' id='word_1_93' title='bbox 947 1907 1060 2002; x_wconf 77' lang='grc' dir='ltr'><strong><em>γάρὴ</em></strong></span> <span class='ocrx_word' id='word_1_94' title='bbox 1093 1915 1152 1979; x_wconf 82' lang='grc' dir='ltr'><strong><em>τοῦ</em></strong></span> <span class='ocrx_word' id='word_1_95' title='bbox 1177 1909 1284 2005; x_wconf 90' lang='grc' dir='ltr'><strong><em>πράγ-</em></strong></span> 
     </span>
     <span class='ocr_line' id='line_1_15' title="bbox 266 2009 1290 2105; baseline 0.002 -25"><span class='ocrx_word' id='word_1_96' title='bbox 266 2014 373 2102; x_wconf 84' lang='grc' dir='ltr'><strong><em>ματος</em></strong></span> <span class='ocrx_word' id='word_1_97' title='bbox 401 2009 551 2105; x_wconf 78' lang='grc' dir='ltr'><strong><em>ἐνάργεια</em></strong></span> <span class='ocrx_word' id='word_1_98' title='bbox 571 2017 599 2094; x_wconf 85' lang='lat'><strong><em>⁵)</em></strong></span> <span class='ocrx_word' id='word_1_99' title='bbox 627 2009 711 2105; x_wconf 87' lang='grc' dir='ltr'><strong><em>πρὸς</em></strong></span> <span class='ocrx_word' id='word_1_100' title='bbox 734 2010 986 2100; x_wconf 76' lang='grc' dir='ltr'><strong><em>συγκατάθεσιν</em></strong></span> <span class='ocrx_word' id='word_1_101' title='bbox 1013 2010 1123 2096; x_wconf 83' lang='grc' dir='ltr'><strong><em>πάσης</em></strong></span> <span class='ocrx_word' id='word_1_102' title='bbox 1144 2017 1203 2097; x_wconf 82' lang='grc' dir='ltr'><strong><em>τῆς</em></strong></span> <span class='ocrx_word' id='word_1_103' title='bbox 1227 2015 1290 2084; x_wconf 77' lang='grc' dir='ltr'><strong><em>διά</em></strong></span> 
     </span>
     <span class='ocr_line' id='line_1_16' title="bbox 266 2111 966 2209; baseline 0.001 -25"><span class='ocrx_word' id='word_1_104' title='bbox 266 2111 372 2203; x_wconf 80' lang='grc' dir='ltr'><strong><em>λόγων</em></strong></span> <span class='ocrx_word' id='word_1_105' title='bbox 394 2112 597 2209; x_wconf 77' lang='grc' dir='ltr'><strong><em>ἀναιρούσης</em></strong></span> <span class='ocrx_word' id='word_1_106' title='bbox 619 2112 702 2183; x_wconf 85' lang='grc' dir='ltr'><strong><em>ἀυτὸ</em></strong></span> <span class='ocrx_word' id='word_1_107' title='bbox 724 2111 966 2198; x_wconf 74' lang='grc' dir='ltr'><strong><em>πιθανότητος.</em></strong></span> 
     </span>
    </p>

    <p class='ocr_par' dir='ltr' id='par_1_5' title="bbox 211 2213 1302 3859">
     <span class='ocr_line' id='line_1_17' title="bbox 332 2213 1289 2312; baseline 0.003 -26"><span class='ocrx_word' id='word_1_108' title='bbox 332 2217 380 2286; x_wconf 84' lang='grc' dir='ltr'><strong><em>Ού</em></strong></span> <span class='ocrx_word' id='word_1_109' title='bbox 399 2227 510 2312; x_wconf 89' lang='grc' dir='ltr'><strong><em>χεῖρον</em></strong></span> <span class='ocrx_word' id='word_1_110' title='bbox 539 2223 574 2286; x_wconf 80' lang='grc' dir='ltr'><strong><em>δὲ</em></strong></span> <span class='ocrx_word' id='word_1_111' title='bbox 597 2213 626 2300; x_wconf 83' lang='grc'><strong><em>6)</em></strong></span> <span class='ocrx_word' id='word_1_112' title='bbox 654 2221 731 2296; x_wconf 84' lang='grc' dir='ltr'><strong><em>ἴσως</em></strong></span> <span class='ocrx_word' id='word_1_113' title='bbox 757 2224 813 2285; x_wconf 90' lang='grc' dir='ltr'><strong><em>καὶ</em></strong></span> <span class='ocrx_word' id='word_1_114' title='bbox 838 2215 926 2307; x_wconf 76' lang='grc' dir='ltr'><strong><em>ἡμεῖς</em></strong></span> <span class='ocrx_word' id='word_1_115' title='bbox 953 2221 1020 2287; x_wconf 74' lang='grc' dir='ltr'><strong><em>τοῖν</em></strong></span> <span class='ocrx_word' id='word_1_116' title='bbox 1047 2217 1289 2312; x_wconf 83' lang='grc' dir='ltr'><strong><em>ἀπορουμένων·</em></strong></span> 
     </span>
     <span class='ocr_line' id='line_1_18' title="bbox 263 2317 1289 2418; baseline 0.004 -28"><span class='ocrx_word' id='word_1_117' title='bbox 263 2317 314 2390; x_wconf 76' lang='grc' dir='ltr'><strong><em>ὑπ’</em></strong></span> <span class='ocrx_word' id='word_1_118' title='bbox 338 2318 462 2404; x_wconf 78' lang='grc' dir='ltr'><strong><em>ἀυτῶν,</em></strong></span> <span class='ocrx_word' id='word_1_119' title='bbox 485 2319 535 2400; x_wconf 87' lang='grc' dir='ltr'><strong><em>όῖς</em></strong></span> <span class='ocrx_word' id='word_1_120' title='bbox 556 2317 701 2410; x_wconf 85' lang='grc' dir='ltr'><strong><em>μάλιστα</em></strong></span> <span class='ocrx_word' id='word_1_121' title='bbox 722 2323 917 2414; x_wconf 70' lang='grc' dir='ltr'><strong><em>θαρροῦσι,</em></strong></span> <span class='ocrx_word' id='word_1_122' title='bbox 938 2327 1046 2392; x_wconf 76' lang='grc' dir='ltr'><strong><em>ταῦτα</em></strong></span> <span class='ocrx_word' id='word_1_123' title='bbox 1067 2349 1289 2418; x_wconf 69' lang='grc' dir='ltr'><strong><em>προχειρισα-’</em></strong></span> 
     </span>
     <span class='ocr_line' id='line_1_19' title="bbox 263 2420 1280 2523; baseline 0.004 -31"><span class='ocrx_word' id='word_1_124' title='bbox 263 2427 381 2514; x_wconf 82' lang='grc' dir='ltr'><strong><em>μένους</em></strong></span> <span class='ocrx_word' id='word_1_125' title='bbox 405 2420 553 2520; x_wconf 72' lang='grc' dir='ltr'><strong><em>ἐξετάσαι</em></strong></span> <span class='ocrx_word' id='word_1_126' title='bbox 580 2425 649 2504; x_wconf 80' lang='grc' dir='ltr'><strong><em>πῶς</em></strong></span> <span class='ocrx_word' id='word_1_127' title='bbox 670 2424 752 2512; x_wconf 85' lang='grc' dir='ltr'><strong><em>ἔχει·</em></strong></span> <span class='ocrx_word' id='word_1_128' title='bbox 790 2427 867 2504; x_wconf 83' lang='grc' dir='ltr'><strong><em>ἴσως</em></strong></span> <span class='ocrx_word' id='word_1_129' title='bbox 888 2423 952 2518; x_wconf 84' lang='grc' dir='ltr'><strong><em>γάρ</em></strong></span> <span class='ocrx_word' id='word_1_130' title='bbox 978 2424 1074 2494; x_wconf 76' lang='grc' dir='ltr'><strong><em>οὐδὲν</em></strong></span> <span class='ocrx_word' id='word_1_131' title='bbox 1101 2425 1189 2515; x_wconf 85' lang='grc' dir='ltr'><strong><em>ἀγαν</em></strong></span> <span class='ocrx_word' id='word_1_132' title='bbox 1210 2455 1280 2523; x_wconf 88' lang='grc' dir='ltr'><strong><em>φα-</em></strong></span> 
     </span>
     <span class='ocr_line' id='line_1_20' title="bbox 263 2523 1277 2656; baseline 0.004 -60"><span class='ocrx_word' id='word_1_133' title='bbox 263 2531 366 2596; x_wconf 85' lang='grc' dir='ltr'><strong><em>νεῖται</em></strong></span> <span class='ocrx_word' id='word_1_134' title='bbox 399 2531 445 2622; x_wconf 80' lang='grc' dir='ltr'><strong><em>ἕις</em></strong></span> <span class='ocrx_word' id='word_1_135' title='bbox 473 2524 569 2596; x_wconf 86' lang='grc' dir='ltr'><strong><em>ἀυτά.</em></strong></span> <span class='ocrx_word' id='word_1_136' title='bbox 617 2523 713 2594; x_wconf 85' lang='grc' dir='ltr'><strong><em>Ἔστι</em></strong></span> <span class='ocrx_word' id='word_1_137' title='bbox 742 2523 782 2610; x_wconf 74' lang='grc' dir='ltr'><strong><em>δι)</em></strong></span> <span class='ocrx_word' id='word_1_138' title='bbox 815 2553 847 2594; x_wconf 92' lang='grc' dir='ltr'><strong><em>τι</em></strong></span> <span class='ocrx_word' id='word_1_139' title='bbox 879 2531 943 2596; x_wconf 85' lang='grc' dir='ltr'><strong><em>τῶν</em></strong></span> <span class='ocrx_word' id='word_1_140' title='bbox 961 2526 1201 2656; x_wconf 80' lang='grc' dir='ltr'><strong><em>ἀπορρυμένων</em></strong></span> <span class='ocrx_word' id='word_1_141' title='bbox 1223 2529 1277 2601; x_wconf 88' lang='grc' dir='ltr'><strong><em>ύπ</em></strong></span> 
     </span>
     <span class='ocr_line' id='line_1_21' title="bbox 211 2625 1277 2726; baseline 0.006 -30"><span class='ocrx_word' id='word_1_142' title='bbox 211 2719 213 2724; x_wconf 13' lang='lat'><strong>¹</strong></span> <span class='ocrx_word' id='word_1_143' title='bbox 260 2627 370 2698; x_wconf 81' lang='grc' dir='ltr'><strong><em>ἀυτῶν</em></strong></span> <span class='ocrx_word' id='word_1_144' title='bbox 400 2637 457 2697; x_wconf 89' lang='grc' dir='ltr'><strong><em>και</em></strong></span> <span class='ocrx_word' id='word_1_145' title='bbox 485 2632 643 2698; x_wconf 78' lang='grc' dir='ltr'><strong><em>τοιοῦτον.</em></strong></span> <span class='ocrx_word' id='word_1_146' title='bbox 708 2625 774 2710; x_wconf 87' lang='grc' dir='ltr'><strong><em>Ἕί,</em></strong></span> <span class='ocrx_word' id='word_1_147' title='bbox 817 2655 922 2724; x_wconf 91' lang='grc' dir='ltr'><strong><em>φασι,</em></strong></span> <span class='ocrx_word' id='word_1_148' title='bbox 962 2628 1070 2700; x_wconf 77' lang='grc' dir='ltr'><strong><em>ταῦτά</em></strong></span> <span class='ocrx_word' id='word_1_149' title='bbox 1105 2635 1194 2702; x_wconf 78' lang='grc' dir='ltr'><strong><em>ἐστιν</em></strong></span> <span class='ocrx_word' id='word_1_150' title='bbox 1226 2638 1277 2726; x_wconf 78' lang='grc' dir='ltr'><strong><em>ἐφ’</em></strong></span> 
     </span>
     <span class='ocr_line' id='line_1_22' title="bbox 259 2724 1302 2824; baseline 0.005 -24"><span class='ocrx_word' id='word_1_151' title='bbox 259 2729 359 2822; x_wconf 79' lang='grc' dir='ltr'><strong><em>ἡμῖν,</em></strong></span> <span class='ocrx_word' id='word_1_152' title='bbox 401 2724 446 2802; x_wconf 80' lang='grc' dir='ltr'><strong><em>ὧν</em></strong></span> <span class='ocrx_word' id='word_1_153' title='bbox 477 2739 532 2800; x_wconf 84' lang='grc' dir='ltr'><strong><em>καὶ</em></strong></span> <span class='ocrx_word' id='word_1_154' title='bbox 564 2729 607 2800; x_wconf 87' lang='grc' dir='ltr'><strong><em>τά</em></strong></span> <span class='ocrx_word' id='word_1_155' title='bbox 635 2729 839 2822; x_wconf 78' lang='grc' dir='ltr'><strong><em>ἀντικείμενα</em></strong></span> <span class='ocrx_word' id='word_1_156' title='bbox 868 2731 1056 2824; x_wconf 70' lang='grc' dir='ltr'><strong><em>δυνάμεθα.</em></strong></span> <span class='ocrx_word' id='word_1_157' title='bbox 1117 2739 1189 2804; x_wconf 89' lang='grc' dir='ltr'><strong><em>Καὶ</em></strong></span> <span class='ocrx_word' id='word_1_158' title='bbox 1226 2739 1302 2806; x_wconf 72' lang='grc' dir='ltr'><strong><em>ἀεί’</em></strong></span> 
     </span>
     <span class='ocr_line' id='line_1_23' title="bbox 260 2832 1286 2969; baseline 0.006 -67"><span class='ocrx_word' id='word_1_159' title='bbox 260 2842 332 2916; x_wconf 89' lang='grc' dir='ltr'><strong><em>τοῖς</em></strong></span> <span class='ocrx_word' id='word_1_160' title='bbox 352 2832 518 2916; x_wconf 83' lang='grc' dir='ltr'><strong><em>τοιούτοις</em></strong></span> <span class='ocrx_word' id='word_1_161' title='bbox 539 2832 604 2904; x_wconf 86' lang='grc' dir='ltr'><strong><em>ὁίτε</em></strong></span> <span class='ocrx_word' id='word_1_162' title='bbox 630 2834 780 2918; x_wconf 82' lang='grc' dir='ltr'><strong><em>ἔπαινοι,</em></strong></span> <span class='ocrx_word' id='word_1_163' title='bbox 816 2863 873 2905; x_wconf 91' lang='grc' dir='ltr'><strong><em>και</em></strong></span> <span class='ocrx_word' id='word_1_164' title='bbox 903 2843 935 2905; x_wconf 88' lang='grc' dir='ltr'><strong><em>οἱ</em></strong></span> <span class='ocrx_word' id='word_1_165' title='bbox 966 2835 1095 2933; x_wconf 90' lang='grc' dir='ltr'><strong><em>ψόγοι,</em></strong></span> <span class='ocrx_word' id='word_1_166' title='bbox 1131 2865 1286 2969; x_wconf 56' lang='grc' dir='ltr'><strong><em>προτρφ·</em></strong></span> 
     </span>
     <span class='ocr_line' id='line_1_24' title="bbox 261 2921 1279 3067; baseline 0.004 -59"><span class='ocrx_word' id='word_1_167' title='bbox 261 2941 323 3008; x_wconf 86' lang='grc' dir='ltr'><strong><em>παί</em></strong></span> <span class='ocrx_word' id='word_1_168' title='bbox 342 2966 377 3007; x_wconf 90' lang='grc' dir='ltr'><strong><em>τε</em></strong></span> <span class='ocrx_word' id='word_1_169' title='bbox 405 2946 461 3008; x_wconf 87' lang='grc' dir='ltr'><strong><em>και</em></strong></span> <span class='ocrx_word' id='word_1_170' title='bbox 486 2921 692 3032; x_wconf 81' lang='grc' dir='ltr'><strong><em>ἀποτροπαί,</em></strong></span> <span class='ocrx_word' id='word_1_171' title='bbox 719 2935 873 3020; x_wconf 77' lang='grc' dir='ltr'><strong><em>κολάσεις</em></strong></span> <span class='ocrx_word' id='word_1_172' title='bbox 896 2966 931 3008; x_wconf 90' lang='grc' dir='ltr'><strong><em>τε</em></strong></span> <span class='ocrx_word' id='word_1_173' title='bbox 953 2943 982 3022; x_wconf 94' lang='grc'><strong><em>7)</em></strong></span> <span class='ocrx_word' id='word_1_174' title='bbox 1010 2948 1067 3009; x_wconf 82' lang='grc' dir='ltr'><strong><em>καί</em></strong></span> <span class='ocrx_word' id='word_1_175' title='bbox 1084 2948 1194 3067; x_wconf 80' lang='grc' dir='ltr'><strong><em>τιμαί,</em></strong></span> <span class='ocrx_word' id='word_1_176' title='bbox 1217 2940 1279 3012; x_wconf 90' lang='grc' dir='ltr'><strong><em>ούκ</em></strong></span> 
     </span>
     <span class='ocr_line' id='line_1_25' title="bbox 259 3039 1278 3136; baseline 0.004 -25"><span class='ocrx_word' id='word_1_177' title='bbox 259 3043 354 3111; x_wconf 76' lang='grc' dir='ltr'><strong><em>ἔσται</em></strong></span> <span class='ocrx_word' id='word_1_178' title='bbox 391 3040 432 3110; x_wconf 89' lang='grc' dir='ltr'><strong><em>τό</em></strong></span> <span class='ocrx_word' id='word_1_179' title='bbox 460 3044 636 3136; x_wconf 80' lang='grc' dir='ltr'><strong><em>φρονίμοις</em></strong></span> <span class='ocrx_word' id='word_1_180' title='bbox 661 3045 745 3111; x_wconf 81' lang='grc' dir='ltr'><strong><em>ε’ῖναι</em></strong></span> <span class='ocrx_word' id='word_1_181' title='bbox 777 3069 834 3110; x_wconf 91' lang='grc' dir='ltr'><strong><em>και</em></strong></span> <span class='ocrx_word' id='word_1_182' title='bbox 862 3039 922 3122; x_wconf 86' lang='grc' dir='ltr'><strong><em>τάς</em></strong></span> <span class='ocrx_word' id='word_1_183' title='bbox 958 3041 1079 3136; x_wconf 85' lang='grc' dir='ltr'><strong><em>ἀρετάς</em></strong></span> <span class='ocrx_word' id='word_1_184' title='bbox 1107 3046 1190 3134; x_wconf 76' lang='grc' dir='ltr'><strong><em>ε’χειν</em></strong></span> <span class='ocrx_word' id='word_1_185' title='bbox 1225 3049 1278 3116; x_wconf 76' lang='grc' dir='ltr'><strong><em>ἐπὶ</em></strong></span> 
     </span>
     <span class='ocr_line' id='line_1_26' title="bbox 261 3138 1280 3237; baseline 0.003 -22"><span class='ocrx_word' id='word_1_186' title='bbox 261 3151 331 3226; x_wconf 86' lang='grc' dir='ltr'><strong><em>τοῖς</em></strong></span> <span class='ocrx_word' id='word_1_187' title='bbox 371 3146 521 3236; x_wconf 78' lang='grc' dir='ltr'><strong><em>ἔχουσιν,</em></strong></span> <span class='ocrx_word' id='word_1_188' title='bbox 581 3138 634 3214; x_wconf 83' lang='grc' dir='ltr'><strong><em>ὅτι</em></strong></span> <span class='ocrx_word' id='word_1_189' title='bbox 665 3148 749 3233; x_wconf 85' lang='grc' dir='ltr'><strong><em>μηδέ</em></strong></span> <span class='ocrx_word' id='word_1_190' title='bbox 780 3149 845 3213; x_wconf 80' lang='grc' dir='ltr'><strong><em>ἐισι</em></strong></span> <span class='ocrx_word' id='word_1_191' title='bbox 880 3149 910 3228; x_wconf 81' lang='lat'><strong><em>⁸)</em></strong></span> <span class='ocrx_word' id='word_1_192' title='bbox 950 3149 1014 3215; x_wconf 83' lang='grc' dir='ltr'><strong><em>τῶν</em></strong></span> <span class='ocrx_word' id='word_1_193' title='bbox 1047 3144 1280 3237; x_wconf 83' lang='grc' dir='ltr'><strong><em>ἀντικειμένων</em></strong></span> 
     </span>
     <span class='ocr_line' id='line_1_27' title="bbox 259 3245 1276 3341; baseline 0.004 -24"><span class='ocrx_word' id='word_1_194' title='bbox 259 3250 382 3318; x_wconf 77' lang='grc' dir='ltr'><strong><em>κακιῶν</em></strong></span> <span class='ocrx_word' id='word_1_195' title='bbox 408 3251 437 3330; x_wconf 79' lang='grc'><strong><em>9)</em></strong></span> <span class='ocrx_word' id='word_1_196' title='bbox 464 3257 539 3328; x_wconf 85' lang='grc' dir='ltr'><strong><em>ταῖς</em></strong></span> <span class='ocrx_word' id='word_1_197' title='bbox 556 3245 692 3341; x_wconf 77' lang='grc' dir='ltr'><strong><em>ἀρεταῖς</em></strong></span> <span class='ocrx_word' id='word_1_198' title='bbox 714 3248 854 3316; x_wconf 84' lang='grc' dir='ltr'><strong><em>δεκτικοί</em></strong></span> <span class='ocrx_word' id='word_1_199' title='bbox 876 3251 931 3332; x_wconf 86' lang='lat'><strong>¹⁰).</strong></span> <span class='ocrx_word' id='word_1_200' title='bbox 969 3245 1111 3340; x_wconf 80' lang='grc' dir='ltr'><strong><em>Ὁμοίοις</em></strong></span> <span class='ocrx_word' id='word_1_201' title='bbox 1135 3256 1172 3320; x_wconf 77' lang='grc' dir='ltr'><strong><em>δὲ</em></strong></span> <span class='ocrx_word' id='word_1_202' title='bbox 1197 3248 1276 3322; x_wconf 77' lang='grc' dir='ltr'><strong><em>οὐδὲ</em></strong></span> 
     </span>
     <span class='ocr_line' id='line_1_28' title="bbox 233 3348 1274 3445; baseline 0.005 -27"><span class='ocrx_word' id='word_1_203' title='bbox 233 3411 235 3418; x_wconf 82' lang='grc'><strong><em>,</em></strong></span> <span class='ocrx_word' id='word_1_204' title='bbox 257 3358 296 3421; x_wconf 82' lang='grc' dir='ltr'><strong><em>αἱ</em></strong></span> <span class='ocrx_word' id='word_1_205' title='bbox 316 3353 429 3422; x_wconf 87' lang='grc' dir='ltr'><strong><em>κακίαι</em></strong></span> <span class='ocrx_word' id='word_1_206' title='bbox 451 3354 502 3420; x_wconf 77' lang='grc' dir='ltr'><strong><em>ἐπὶ</em></strong></span> <span class='ocrx_word' id='word_1_207' title='bbox 522 3357 593 3431; x_wconf 88' lang='grc' dir='ltr'><strong><em>τοῖς</em></strong></span> <span class='ocrx_word' id='word_1_208' title='bbox 613 3356 743 3431; x_wconf 85' lang='grc' dir='ltr'><strong><em>κακοῖς·</em></strong></span> <span class='ocrx_word' id='word_1_209' title='bbox 762 3348 838 3420; x_wconf 76' lang='grc' dir='ltr'><strong><em>οὐδὲ</em></strong></span> <span class='ocrx_word' id='word_1_210' title='bbox 858 3348 925 3445; x_wconf 89' lang='grc' dir='ltr'><strong><em>γάρ</em></strong></span> <span class='ocrx_word' id='word_1_211' title='bbox 943 3355 994 3421; x_wconf 77' lang='grc' dir='ltr'><strong><em>ε’πί</em></strong></span> <span class='ocrx_word' id='word_1_212' title='bbox 1009 3362 1069 3442; x_wconf 75' lang='grc' dir='ltr'><strong><em>μὲν</em></strong></span> <span class='ocrx_word' id='word_1_213' title='bbox 1084 3351 1215 3436; x_wconf 87' lang='grc' dir='ltr'><strong><em>τούτοις</em></strong></span> <span class='ocrx_word' id='word_1_214' title='bbox 1230 3360 1274 3440; x_wconf 73' lang='lat'><strong><em>¹¹)</em></strong></span> 
     </span>
     <span class='ocr_line' id='line_1_29' title="bbox 258 3449 1273 3550; baseline 0.004 -28"><span class='ocrx_word' id='word_1_215' title='bbox 258 3452 298 3523; x_wconf 89' lang='grc' dir='ltr'><strong><em>τὸ</em></strong></span> <span class='ocrx_word' id='word_1_216' title='bbox 322 3451 430 3545; x_wconf 74' lang='grc' dir='ltr'><strong><em>μηκέτ’</em></strong></span> <span class='ocrx_word' id='word_1_217' title='bbox 469 3458 553 3525; x_wconf 78' lang='grc' dir='ltr'><strong><em>ἐῖναι</em></strong></span> <span class='ocrx_word' id='word_1_218' title='bbox 579 3458 703 3534; x_wconf 87' lang='grc' dir='ltr'><strong><em>κακοῖς.</em></strong></span> <span class='ocrx_word' id='word_1_219' title='bbox 769 3449 876 3522; x_wconf 82' lang='grc' dir='ltr'><strong><em>Ἀλλά</em></strong></span> <span class='ocrx_word' id='word_1_220' title='bbox 903 3454 969 3545; x_wconf 82' lang='grc' dir='ltr'><strong><em>μὴν</em></strong></span> <span class='ocrx_word' id='word_1_221' title='bbox 997 3454 1123 3526; x_wconf 84' lang='grc' dir='ltr'><strong><em>ἀτοπον</em></strong></span> <span class='ocrx_word' id='word_1_222' title='bbox 1157 3457 1197 3526; x_wconf 86' lang='grc' dir='ltr'><strong><em>τὸ</em></strong></span> <span class='ocrx_word' id='word_1_223' title='bbox 1224 3457 1273 3550; x_wconf 79' lang='grc' dir='ltr'><strong><em>μὴ</em></strong></span> 
     </span>
     <span class='ocr_line' id='line_1_30' title="bbox 257 3553 1273 3652; baseline 0.006 -26"><span class='ocrx_word' id='word_1_224' title='bbox 257 3561 361 3645; x_wconf 80' lang='grc' dir='ltr'><strong><em>λέγειν</em></strong></span> <span class='ocrx_word' id='word_1_225' title='bbox 392 3556 454 3638; x_wconf 83' lang='grc' dir='ltr'><strong><em>τάς</em></strong></span> <span class='ocrx_word' id='word_1_226' title='bbox 486 3555 609 3650; x_wconf 85' lang='grc' dir='ltr'><strong><em>ἀρετάς.</em></strong></span> <span class='ocrx_word' id='word_1_227' title='bbox 640 3563 697 3625; x_wconf 77' lang='grc' dir='ltr'><strong><em>καί</em></strong></span> <span class='ocrx_word' id='word_1_228' title='bbox 724 3553 785 3637; x_wconf 86' lang='grc' dir='ltr'><strong><em>τάς</em></strong></span> <span class='ocrx_word' id='word_1_229' title='bbox 816 3560 933 3638; x_wconf 88' lang='grc' dir='ltr'><strong><em>κακίας</em></strong></span> <span class='ocrx_word' id='word_1_230' title='bbox 968 3556 1018 3652; x_wconf 76' lang='grc' dir='ltr'><strong><em>ἐφ’</em></strong></span> <span class='ocrx_word' id='word_1_231' title='bbox 1057 3556 1151 3649; x_wconf 80' lang='grc' dir='ltr'><strong><em>ἡμῖν,</em></strong></span> <span class='ocrx_word' id='word_1_232' title='bbox 1186 3567 1273 3651; x_wconf 82' lang='grc' dir='ltr'><strong><em>μηδὲ</em></strong></span> 
     </span>
     <span class='ocr_line' id='line_1_31' title="bbox 257 3656 1270 3756; baseline 0.01 -28"><span class='ocrx_word' id='word_1_233' title='bbox 257 3659 335 3740; x_wconf 82' lang='grc' dir='ltr'><strong><em>τοὺς</em></strong></span> <span class='ocrx_word' id='word_1_234' title='bbox 355 3663 507 3740; x_wconf 79' lang='grc' dir='ltr'><strong><em>ἐπαίνους</em></strong></span> <span class='ocrx_word' id='word_1_235' title='bbox 529 3666 584 3728; x_wconf 84' lang='grc' dir='ltr'><strong><em>καὶ</em></strong></span> <span class='ocrx_word' id='word_1_236' title='bbox 605 3657 683 3741; x_wconf 82' lang='grc' dir='ltr'><strong><em>τούς</em></strong></span> <span class='ocrx_word' id='word_1_237' title='bbox 710 3656 841 3756; x_wconf 91' lang='grc' dir='ltr'><strong><em>ψόγους</em></strong></span> <span class='ocrx_word' id='word_1_238' title='bbox 867 3664 917 3729; x_wconf 81' lang='grc' dir='ltr'><strong><em>ἐπὶ</em></strong></span> <span class='ocrx_word' id='word_1_239' title='bbox 946 3658 1071 3734; x_wconf 86' lang='grc' dir='ltr'><strong><em>τούτων</em></strong></span> <span class='ocrx_word' id='word_1_240' title='bbox 1096 3665 1270 3756; x_wconf 73' lang='grc' dir='ltr'><strong><em>γίνεσθαι.</em></strong></span> 
     </span>
     <span class='ocr_line' id='line_1_32' title="bbox 259 3759 983 3859; baseline -0.001 -25"><span class='ocrx_word' id='word_1_241' title='bbox 259 3761 328 3834; x_wconf 78' lang='grc' dir='ltr'><strong><em>Οὐκ</em></strong></span> <span class='ocrx_word' id='word_1_242' title='bbox 349 3761 417 3852; x_wconf 83' lang='grc' dir='ltr'><strong><em>ἀρα</em></strong></span> <span class='ocrx_word' id='word_1_243' title='bbox 439 3762 478 3833; x_wconf 89' lang='grc' dir='ltr'><strong><em>τὸ</em></strong></span> <span class='ocrx_word' id='word_1_244' title='bbox 500 3760 555 3859; x_wconf 73' lang='grc' dir='ltr'><strong><em>ἐφ’·</em></strong></span> <span class='ocrx_word' id='word_1_245' title='bbox 573 3759 652 3850; x_wconf 80' lang='grc' dir='ltr'><strong><em>ἡμῖν</em></strong></span> <span class='ocrx_word' id='word_1_246' title='bbox 672 3767 825 3834; x_wconf 83' lang='grc' dir='ltr'><strong><em>τοιοῦτον</em></strong></span> <span class='ocrx_word' id='word_1_247' title='bbox 851 3763 906 3844; x_wconf 80' lang='lat'><em>¹²).</em></span> <span class='ocrx_word' id='word_1_248' title='bbox 981 3777 983 3784; x_wconf 61' lang='lat'><strong><em>⁴</em></strong></span> 
     </span>
    </p>
   </div>
   <div class='ocr_carea' id='block_1_5' title="bbox 0 0 1410 4792">
    <p class='ocr_par' dir='ltr' id='par_1_6' title="bbox 0 0 1410 4792">
     <span class='ocr_line' id='line_1_33' title="bbox 0 0 1410 4792; baseline 0 7"><span class='ocrx_word' id='word_1_249' title='bbox 0 0 1410 4792; x_wconf 95' lang='lat' dir='ltr'><strong><em> </em></strong></span> 
     </span>
    </p>
   </div>
  </div>
 </body>
</html>
