2782 4790
243 429 303 494 1⁰8

235 596 323 690 ἡμὰς
354 597 403 670 ἁεί
435 595 667 691 περιστήσεται
695 599 802 690 ταῦτα
830 597 869 668 δι’
884 595 921 668 ίί
951 596 1180 694 πράσσομεν.
1203 599 1243 670 οῦ

238 701 302 796 γὰρ
323 701 382 771 τὸν
400 698 545 782 ὁπωςοῦν
562 698 850 795 γαριίνποιοῦντα
866 707 1061 796 κατορθοῦν
1076 731 1126 784 τις
1148 705 1246 792 λέγει,

236 802 305 876 ἁλλ’
336 801 407 874 οῦῦ
442 802 642 898 ἁμαρτάνειν
666 802 725 874 τόν
757 801 904 884 ὁπωςοῦν
926 803 1058 900 φαῦλόν
1085 833 1119 875 τι
1139 804 1272 902 πράτχ

235 933 355 990 τοντα,
387 903 457 978 ἁλλ’
486 905 633 1029 όπμςοῦν
654 911 688 977 ἐν
705 909 837 1002 ἐξουσίᾳ
858 915 908 987 τίς
930 905 973 978 ών
993 912 1057 978 τών
1078 906 1247 1014 χειρόνων,

239 1010 382 1106 ἁιρεῖται
399 1016 455 1078 καί
476 1007 618 1103 πράσσει
635 1007 679 1078 τὰ
694 1007 871 1098 βελτίωθ),
893 1014 1010 1079 τοῦτον
1031 1017 1165 1131 λέγομεν
1187 1039 1248 1082 κα

241 1118 401 1208 τορθοῦν.
449 1112 515 1183 Τόν
538 1117 617 1234 γοῦν
640 1112 684 1181 τά
703 1111 789 1182 άυτὰ
812 1117 919 1182 ταῦτα
941 1111 1007 1182 άπὸ
1033 1113 1132 1208 τύχης
1151 1113 1250 1200 ποιή

240 1243 346 1288 σαντα
369 1215 478 1285 οῦκέτι
476 1199 633 1339 λέγομεν
653 1221 865 1311 κατορθοῦν,
902 1213 945 1298 ώς
972 1221 1032 1287 τοῦ
1052 1221 1250 1340 κατορθοῦν

238 1320 298 1406 τὴν
319 1322 427 1414 κρίσιν
449 1316 510 1388 οῦκ
531 1317 598 1390 άπὸ
620 1323 683 1390 τῶν
712 1324 943 1413 πραττομένων
971 1321 1102 1414 ἔχοντος
1128 1317 1249 1412 μόνον,

238 1421 325 1496 ῦλλὰ
356 1420 440 1494 πολὺ
469 1419 629 1515 πρότερον
657 1419 723 1491 ἀπὸ
752 1425 810 1505 τῆς
838 1421 928 1506 ίξεώς
949 1450 984 1492 τε
1005 1432 1060 1492 καί
1083 1420 1250 1515 δυνάμεως

238 1525 296 1622 ἀφ’
319 1515 361 1610 ἧς
381 1521 575 1650 πράσσεται.
604 1522 713 1593 Kaz‘
697 1552 715 1593 ο
737 1522 839 1605 ἁυτὸς
861 1523 997 1614 λόγος
982 1535 1034 1596 επὶ
1054 1530 1119 1596 τῶν
1139 1524 1249 1619 ἁμαρ

239 1625 401 1717 τημάτων.
450 1618 585 1752 ῑὲθις
550 1623 632 1695 ῦὲ·ε
590 1656 634 1711 ι]
668 1629 798 1710 ἐξουσία
818 1630 856 1716 ⁷)
884 1632 944 1697 τοῦ
975 1627 1138 1753 πράττειν
1162 1627 1251 1700 άλλά

239 1759 315 1806 τινα
336 1757 404 1824 παρ
436 1725 459 1797 ῦί
479 1728 683 1824 πράττουσιν
704 1729 768 1800 ῦπὸ
790 1735 855 1802 τών
875 1731 1096 1827 περιεστώτων
1118 1730 1250 1830 άφηρη-

242 1865 310 1919 ται,
333 1830 458 1904 ουθεν
439 1859 552 1914 αυτοις
564 1837 801 1904 συντελουσιν
813 1840 878 1920 a)
862 1865 907 1918 εις
917 1863 956 1905 το
968 1863 1012 1904 τα
1021 1863 1135 1916 αυτοις
1143 1863 1250 1928 περιε

241 1943 360 2010 στῦναι
382 1935 421 2006 δι’
446 1933 469 2004 ῦί
490 1934 710 2031 πράττουσιν,
745 1942 814 2019 πῶς
846 1937 888 2008 ῦίν
915 1941 963 2008 ἔτι
991 1935 1128 2020 τούτους
1157 1938 1249 2024 τὶςῆ

240 2039 459 2136 ἁμαρτάνειν,
481 2038 502 2123 ἢ
523 2043 718 2134 κατορθοῦν
740 2045 849 2130 λέγοις
872 2039 947 2112 ῦῦτε
968 2041 1033 2136 γάρ
1055 2044 1114 2127 τῆς
1134 2041 1256 2146 τοιαῦῖ

241 2172 300 2231 της
321 2148 428 2230 ἕξεως,
450 2141 508 2235 ἄρ’
531 2137 591 2227 ἧς,
613 2146 711 2214 τῶνδε
733 2148 829 2215 τινών
849 2142 1080 2237 περιεστώτων,
1107 2153 1180 2239 περί
1209 2143 1248 2216 τό

240 2249 318 2322 τάδε
339 2247 413 2318 τινὰ
434 2246 591 2342 πράττειν
613 2245 698 2340 ὁρμὴ
727 2249 755 2330 ⁸)
783 2251 928 2336 γίνεται,
964 2246 1065 2331 ἁυτός
1098 2254 1186 2320 ἐστιν
1215 2254 1250 2320 ἐν

243 2355 389 2446 ἐξουσία,
413 2348 488 2420 ῦῦτε
510 2352 569 2419 τοῦ
600 2349 644 2418 τὰ
663 2354 863 2440 περιεστῶτα
885 2355 1024 2422 τοιαῦτα
1046 2357 1139 2423 έῑναι.
1185 2352 1251 2424 Δι’ῦι

239 2460 339 2528 τοῦτο
361 2453 426 2576 γάρ
446 2456 510 2522 τών
532 2451 661 2541 ἀλόγων
681 2449 770 2576 ζώων
795 2452 891 2524 οῦδὲν
912 2453 1038 2526 τοῦτον
1057 2464 1250 2550 κατηγορεί-ι

239 2587 308 2630 ται.
346 2554 526 2647 Ἀγόμενος
547 2559 621 2625 δὲ’
605 2564 656 2626 επί
676 2556 715 2625 τό
736 2554 892 2648 πράττειν
919 2555 985 2628 ῦπό
1012 2586 1047 2628 τε
1074 2562 1165 2642 ἕξεως
1192 2567 1249 2633 καί

240 2658 463 2786 περιστάσεων
498 2661 610 2744 τινών,
656 2659 794 2750 μηδενὸς
825 2659 938 2755 κῦριος
973 2659 1074 2743 ῦυτὸς
1108 2665 1169 2732 τοῦ
1202 2671 1250 2752 μὴ

237 2769 357 2836 τοῦτον
392 2765 475 2853 ἔχειν
506 2760 565 2832 τὸν
595 2760 763 2856 τρόπον,
760 2759 897 2834 οὐδ”
874 2790 916 2834 αν
947 2762 1148 2892 ἁμριρτάνείν
1183 2767 1250 2848 ἔτι,

239 2867 542 2960 ἢκατορθοῦυ’
527 2873 578 2938 επὶ
613 2873 683 2947 τοῖς
723 2864 807 2938 ῦῦτω
839 2873 1078 2961 πραττομένοις
1110 2874 1250 2958 λέγοιτο

233 2971 324 3044 Ἐπεί
346 2974 380 3040 δὲ
404 2967 436 3038 ὁί
457 2995 492 3039 τε
514 2971 643 3040 ἔπαινοι
664 2977 720 3039 καί
741 2966 864 3066 ψόγοι,
896 2968 1046 3051 κολάσεις
1067 2997 1101 3040 τε
1122 2980 1179 3041 καὶ
1201 3000 1250 3042 τι-

238 3083 302 3167 μαί
322 3078 372 3143 ἐπί
393 3077 464 3153 τοῖς
493 3070 710 3168 ἁμαρτήμασί
737 3100 772 3143 τε
805 3081 860 3142 καί
888 3071 1168 3170 κατορθώμασιν,
1206 3074 1250 3156 ὡς

239 3186 296 3252 καί
317 3175 414 3248 ῦυτοὶ
436 3179 603 3264 λέγουσιν,
635 3179 736 3260 δῆλον
764 3173 807 3256 ώς
835 3173 1079 3270 ῦναιρουμένων
1106 3175 1249 3256 τοῦτον,

239 3278 397 3375 άναιροῖῦ
422 3277 463 3350 &iv
484 3277 638 3372 κρίκείνων
659 3283 813 3350 ἕκαστον·
835 3277 874 3350 τό
895 3280 959 3372 γὰρ
981 3283 1176 3374 κατορθοῦν
1197 3287 1250 3352 ε’πί

241 3389 303 3456 τών
326 3387 417 3454 θεῶν
439 3381 477 3455 οῦ
500 3385 618 3476 κυρίως
639 3381 681 3454 ἁν
702 3388 850 3471 λέγοιτο,
887 3381 956 3452 ἁλλ’
981 3379 1024 3463 ώς
1045 3387 1117 3452 ἴσον
1139 3387 1185 3480 τῷ
1205 3385 1250 3454 τὰ

239 3487 366 3578 ἁγαθὰ
392 3493 507 3557 ποιεῖν.
544 3484 595 3556 'Ei
615 3513 651 3574 γε
673 3489 707 3555 ἕν
728 3482 778 3566 όῑς
808 3493 869 3576 μὲν
899 3485 939 3555 τὸ
967 3489 1178 3574 κατορθοῦν,
1215 3491 1249 3558 ἐν

240 3589 371 3671 τοῦτοις
392 3589 508 3659 καὶτὸ
530 3586 746 3680 ἁμαρτάνειν,
769 3585 975 3662 ἀνεπίδεκτον
996 3592 1031 3658 δὲ
1054 3590 1117 3658 τών
1138 3587 1249 3684 ἁμαρ-

239 3692 392 3784 τημάτων
413 3698 443 3778 ⁹)
472 3689 511 3760 τό
532 3697 648 3773 θεῖον,
684 3690 740 3761 ὃιὰ
758 3695 859 3762 τοῦτο
881 3688 957 3760 οῦδὲ
979 3696 1023 3774 ¹⁰)
1052 3694 1248 3782 ἐπαινοῦμεν

236 3797 315 3880 τοῦς
336 3796 456 3881 θεοὺς,
478 3799 538 3866 τοῦ
558 3786 611 3864 ότι
633 3799 798 3888 κρείττους
819 3797 902 3863 έισιν
922 3792 992 3863 κατ’
1016 3796 1168 3878 ἐπαίνους
1189 3805 1246 3869 καί

238 3902 282 3974 τὰ
303 3899 352 4000 ἐφ’
377 3897 427 3984 όῑς
450 3905 482 3972 ol
503 3900 646 3984 ἔπαινοι,
668 3894 932 3995 κατορθώματα.
