2782 4790
263 381 324 454 “170

258 557 506 649 γιγνώσκεσθαι
539 556 644 625 άυτών
677 554 735 638 τὴν
769 553 916 643 ἔκβασιν.
974 558 1114 626 Μᾶλλον
1136 555 1201 649 γάρ
1227 549 1269 642 ἦν

260 663 346 744 ἐικὸς
374 662 416 730 τά
444 659 538 730 άίδια
567 664 631 730 τών
651 657 853 751 πραγμάτων
876 663 1107 754 περιοράσθαι
1132 660 1182 732 ὑπ’
1207 661 1269 732 άυ-

236 771 340 849 Ιτών,
362 769 467 858 ἔρημα
492 767 550 847 τῆς
576 760 817 852 ἐπιβαλλούσης
841 762 955 845 άντσῖς
979 769 1153 854 προνοίας,
1183 764 1270 849 ἢτύι

260 871 399 965 ῥευστὴν
420 871 536 959 ἔχοντα
558 863 677 962 φύσιν,
701 869 787 958 λίαερ
814 871 919 935 ἐκεῖνα
942 877 1002 955 μὲν
1022 867 1089 940 ἀπὸ
1111 873 1168 954 τῆς
1192 874 1270 940 ἑαυ-

260 978 326 1043 τῶν
346 970 476 1067 φύσεώς
498 970 537 1038 τὸ
562 968 741 1063 ὡρισμένον
762 972 843 1061 ἔχει,
871 979 926 1040 καί
947 970 1140 1064 άτρεπτον,·
1154 971 1271 1043 τοιαύ-

261 1100 321 1162 την
337 1081 471 1146 θέοθεκ
489 1073 549 1159 τὴν
569 1071 753 1144 ὑπόστασιν
765 1073 943 1165 ’ἐιληγότα,
966 1076 1009 1146 τά
1030 1083 1066 1147 δὲ
1085 1081 1118 1147 ἐν
1137 1082 1271 1166 γενέσει,

260 1179 317 1251 διά
334 1178 373 1248 τύ
392 1177 528 1272 ῥευστόν
548 1180 607 1262 τῆς
628 1174 750 1258 οἰκείας
772 1170 869 1263 ύλης,
901 1182 935 1248 ’ἐν
954 1183 1149 1276 παντοδαπῇ
1168 1180 1279 1270 μετα-“

259 1287 342 1380 βολῇ
364 1287 537 1378 φέρεσθαι
551 1278 747 1377 πεφυκότα,
776 1280 841 1351 οὐτ’
863 1287 948 1352 ε’ῐναι
971 1281 1046 1354 ὀύτε
1067 1289 1272 1375 συνέχεσθαι

261 1395 316 1458 καὶ
346 1391 610 1476 διακοσμεῐσθαι
637 1385 795 1473 δυνατὸν,
830 1384 877 1475 μὴ
904 1385 1190 1481 πολλῆςῐτυχάντα
1212 1391 1274 1470 τῆς

261 1496 324 1562 τών
346 1488 396 1558 ἀεὶ
418 1487 573 1569 ώςαύτωςΙ
587 1486 725 1579 ἐχόντων
743 1493 977 1584 δημιουργικῆς
997 1497 1104 1560 τεκαὶ
1128 1517 1273 1585 προνοη-

261 1598 353 1678 τικῆς
373 1592 503 1676 άιτίας,
526 1589 565 1662 ού
586 1589 689 1679 μάνου
706 1595 764 1676 τῆς
786 1589 983 1686 ὁλικωτὲρας
996 1601 1051 1663 καί
1066 1596 1271 1688 ἐξηρημὲνης,

260 1697 347 1768 ἀλλὰ
367 1705 422 1766 καὶ
442 1695 532 1776 τινὸς
555 1701 775 1790 μερικατὲρας
795 1705 849 1766 καὶ
868 1703 1136 1791 προςεχεστέρας·
1166 1691 1272 1790 ώςνιερ

263 1789 318 1872 ύαλ
335 1803 401 1869 τῶν
418 1795 608 1890 ἀνθρώπων
625 1799 703 1880 τούς
716 1803 840 1882 παῖδας
857 1797 983 1890 ὁρῶμεν
996 1804 1145 1882 πλείονος
1158 1805 1274 1892 δεομέ-

260 1925 339 1986 νους
355 1905 536 1995 ἐπιμελείας
549 1899 572 1986 ἢ
590 1902 667 1983 τούς
682 1901 822 1996 ἄνδρας,
844 1911 899 1972 καὶ
914 1902 992 1986 τούς
1009 1901 1171 1988 ἀνοήτους
1184 1903 1274 1998 ’ἥπερ

261 2008 340 2090 τούς
358 2010 536 2103 ἔμφρονας.
574 2003 626 2074 Ἐι
647 2011 683 2074 δὲ
706 2004 922 2094 γινώσκουσιν
947 2013 980 2076 σί
1008 2013 1088 2078 θεολ
1116 2007 1160 2076 τά
1185 2012 1273 2080 ἐνδε-

260 2111 383 2202 χόμενα
401 2117 457 2179 καὶ
474 2107 658 2203 ὡρισμένως
674 2107 887 2197 γινώσκουσιν
903 2108 972 2194 (ἵνα
982 2108 1028 2199 μὴ
1037 2165 1045 2194 ,
1069 2103 1147 2204 ὅπερ
1163 2115 1274 2199 ἐλέγο-

261 2243 335 2306 μεν,
366 2213 524 2308 άύριστον
549 2212 656 2282 άυτιῖιν
674 2216 816 2302 ποιῶμεν
838 2213 901 2298 τὴν
920 2218 1054 2303 γνῶσιν)
1083 2223 1138 2283 καὶ
1159 2218 1274 2285 ἴσασιν

215 2391 226 2411 ,
262 2313 315 2391 ὅτι
332 2316 435 2412 μόνον
452 2316 490 2387 τὸ
516 2314 644 2410 ξύλινρν
662 2323 766 2406 τεῖχος
784 2314 883 2385 σώσει
902 2317 962 2398 τάς
976 2314 1131 2402 Ἀθήνας
1152 2321 1187 2387 ἐκ
1206 2322 1274 2388 τῶν

259 2425 475 2516 βαρβαρικῶν
495 2417 672 2502 κινδύνων,
694 2425 749 2488 καί
769 2415 788 2502 ἡ
809 2427 894 2488 θεία
913 2419 1073 2510 Σαλαμίς
1089 2419 1210 2490 άπολει·
1230 2422 1274 2492 τά

260 2533 357 2597 τέκνα
379 2530 443 2595 τών
463 2526 642 2612 γυναικών,
667 2529 725 2590 καί
748 2519 766 2589 ὁ
789 2526 937 2615 Κροῖσος
958 2517 1129 2594 τὸνίἍλυν
1150 2525 1275 2612 διαβάς

260 2629 404 2721 μεγάλην
436 2626 538 2717 ἀργὴν
571 2623 766 2707 καταλύσει,
805 2633 860 2694 καί
891 2623 909 2694 ὁ
938 2625 1048 2708 Λάϊος
1075 2633 1274 2697 τεκνοποιιῖιν

262 2734 366 2827 ἄρδην
388 2730 570 2825 ἀνατρέψει
591 2732 702 2797 πᾶσαν
724 2727 828 2796 άυτού
849 2727 908 2812 τίην
936 2727 1059 2813 αἰκίαν,
1096 2735 1197 2814 δῆλον
1220 2726 1275 2800 ’σ’τι

262 2837 322 2926 οὐχ
343 2832 450 2904 ὁῐὸυτε
473 2835 581 2901 ταῦτα
601 2829 647 2922 μὴ
669 2834 829 2920 ἐκβαίνειν
841 2885 849 2913 ,
878 2836 963 2900 ἕαδε
983 2831 1048 2922 μὴ,
1076 2831 1275 2930 ψεύδεσθαι

263 2937 385 3019 άυτούς
416 2936 608 3025 ἀναγκαῖον.
645 2981 648 2988 .
674 2943 774 3006 Λυοῑν
806 2933 864 3005 ὀῦν
896 2935 1062 3027 θάτερον,
1105 2938 1127 3022 ἢ
1162 2937 1275 3008 πάντα

263 3042 464 3132 ἀναγκαίως,
497 3049 552 3108 καί
582 3037 624 3120 ώς
653 3040 739 3120 εἰκὸς
759 3037 825 3108 ύπὸ
846 3042 910 3108 τών
932 3045 1024 3110 θεῶν
1046 3039 1276 3136 γινώσκεσθαί

263 3173 297 3216 τε
319 3153 374 3214 καὶ
396 3149 641 3236 προλίγεσθαι,
671 3141 821 3238 φήσομεν
843 3145 1020 3230 ἐκβαίνειν,
1049 3151 1103 3212 καὶ
1118 3143 1164 3218 Δτὸ
1187 3149 1275 3216 ἐνδε-

259 3247 398 3341 χόμενον
420 3247 526 3338 ὄνομα
548 3248 643 3316 ἔσται
672 3246 765 3316 κενὸν
792 3249 854 3328 ¹⁰),
890 3244 911 3330 ἢ
939 3243 1015 3316 ὀύτε
1042 3244 1288 3336 γινώσκεσθαι

261 3353 325 3423 ὑπὸ
348 3355 412 3422 τών
440 3355 549 3434 θεῶν,
582 3348 655 3434 ὀύτε
683 3355 908 3440 προνοεῖσθαι
935 3349 978 3417 τά
1005 3355 1080 3446 τῇδε
1110 3348 1274 3446 φήσομεν.

257 3455 362 3526 Ἀλλά
383 3456 447 3545 μὴν
468 3459 567 3525 τοῦτο
589 3450 770 3523 ἀδύνατον·
789 3451 917 3543 ’ὀίγεται
940 3452 1036 3547 [ἄρα]
1060 3459 1100 3537 ¹¹)
1123 3454 1160 3524 τὸ
1184 3460 1274 3527 ἐνδε-

261 3559 409 3650 χόμενον.
1080 3573 1084 3578 ’

748 3689 777 3740 ς.

326 3767 417 3860 Πρὸς
439 3767 557 3835 τοῦτον
579 3763 636 3832 ύύν
658 3763 715 3832 τὸν
737 3760 835 3850 λόγον
850 3767 1140 3852 ὃυςαντίβλεπτον,
1164 3761 1269 3860 ώςπερ

261 3877 410 3960 ἐλέγομεν
442 3868 523 3938 ὄντα
552 3875 607 3936 καὶ
634 3865 685 3935 ὑπ’
714 3867 815 3951 ἀυτῆς
836 3873 998 3938 δοκοῦντα
1020 3873 1078 3952 τῆς
1100 3876 1271 3962 ἐναργείας

261 3974 490 4067 κρατύνεσθαι
497 4026 506 4056 ,
543 3969 586 4052 ώς
608 3977 644 4039 αί
666 3975 728 4040 ’τών
749 3975 909 4060 μαντειῶν
929 3972 1128 4066 πρσῤῥύσεις
1150 3979 1269 4058 δηλού-
