2782 4790
1072 395 1224 486 us·¹

125 572 252 646 dinem,
287 580 341 633 ant
357 567 446 634 Deos
466 565 615 632 credibile
634 578 682 632 est
701 566 924 653 vel—ignorare
947 585 1026 650 quae
1048 586 1127 646 pro-

127 679 259 750 ducant,
285 684 337 736 aut
353 686 500 756 tanquam
521 671 640 744 laboris
661 671 866 740 intolerantes
883 668 1047 756 negligere
1070 689 1128 732 eo·
1173 707 1182 732 s

126 802 197 842 rum
218 777 361 842 notitiam
383 798 420 839 ac
438 775 593 860 regimen.
637 775 720 839 Nam
740 788 852 860 putare
868 775 1021 840 Deorum.
1034 768 1130 837 vitam

126 880 276 946 constitui
307 881 472 960 molestam
506 890 537 942 et
562 879 781 963 negotiosam,
822 893 851 946 et
874 890 1037 962 expertem
1063 877 1129 940 eius

126 1006 192 1048 uon
210 983 362 1048 sollicitae
377 981 610 1066 tranquillitatis
631 1002 712 1064 quae
728 982 805 1044 Deis
817 982 1006 1058 conveniat,
1030 981 1058 1044 si
1072 1001 1128 1044 eos

125 1087 274 1150 dieamus.
290 1108 397 1150 curam
427 1105 545 1170 gerere
570 1106 677 1148 rerum
701 1085 956 1166 particularium,
994 1084 1027 1146 id
1048 1105 1127 1147 vero

127 1211 239 1256 eorum
263 1202 311 1252 est
332 1189 466 1271 quinon
485 1187 664 1273 intelligunt
677 1187 893 1251 excellentiam
909 1187 1044 1250 divinam
1062 1198 1128 1249 tum

126 1292 318 1378 cognitionis
343 1303 410 1354 tum
426 1291 587 1374 potentiae
608 1312 704 1373 supra
723 1303 874 1366 nostram,
896 1303 926 1354 et
943 1294 986 1355 ob
1002 1291 1067 1356 eins
1082 1293 1129 1354 rei

125 1395 360 1481 ignorationem
381 1393 555 1459 volentium·
579 1397 618 1458 ad
639 1406 783 1458 nostrum
805 1396 932 1458 modum
951 1398 1129 1476 expendere

128 1521 179 1564 res
202 1499 339 1574 dunas,
370 1510 402 1568 et
418 1508 560 1562 nostram
581 1496 826 1566 invalentiamin
846 1498 932 1580 ipsos
956 1481 1130 1564 transferre

130 1603 237 1677 Deos;
262 1602 443 1685 quasivero
464 1600 565 1685 possit
587 1602 711 1684 quidem
733 1625 792 1666 rex
810 1613 967 1670 astrorum
989 1606 1039 1670 sol
1061 1623 1134 1671 om-:

129 1707 178 1770 nia
204 1706 296 1769 simul
322 1727 403 1790 quae
430 1705 463 1769 in
490 1708 617 1772 mumdo
646 1718 718 1768 sunt
740 1706 899 1771 illustrare
911 1754 920 1784 ,
959 1705 1021 1776 nisi
1044 1711 1131 1776 forte

129 1810 283 1895 impingat
300 1811 332 1874 in
346 1809 449 1892 aliqua
468 1832 532 1875 uon
552 1809 702 1886 dilucida,
726 1813 782 1874 sed
797 1825 962 1894 compacta
977 1835 1128 1895 corpora,

128 1915 319 1996 incorporea
341 1925 443 1976 autem
476 1912 531 1976 illa
564 1924 594 1976 et
619 1913 759 1978 materiei
781 1937 897 1998 expers
914 1917 1057 1982 Deorum
1082 1919 1131 1982 vis

128 2039 192 2090 non
214 2017 317 2100 possit
334 2038 396 2080 una
421 2017 487 2082 sine
508 2016 731 2098 impedimento
753 2019 872 2086 urrnetis
891 2023 1000 2085 adesse
1020 2025 1128 2098 rebuS,

129 2144 200 2184 cum
229 2119 313 2184 nulla
338 2120 378 2183 sit
406 2141 486 2203 quae
517 2119 546 2184 ei
570 2119 671 2200 possit
701 2122 850 2196 obstare,
889 2135 1017 2204 praeter
1038 2146 1132 2194 unam

130 2237 271 2288 nostram
289 2235 432 2288 naturam
448 2239 559 2307 parum
580 2222 735 2292 idoneam.
782 2224 966 2307 Quanquam
988 2249 1028 2289 ne
1048 2249 1132 2291 nuno

130 2327 278 2412 quidem,
315 2327 342 2394 si
363 2349 474 2396 verum
495 2326 584 2409 loqui
610 2327 757 2404 velimus,
792 2327 960 2408 impeditur
987 2325 1132 2396 Deorum

130 2429 330 2514 providentia
350 2442 402 2492 aut
419 2429 451 2496 in
474 2429 657 2514 cognitione
676 2425 783 2497 rerum
803 2427 1001 2509 nostrarum,
1026 2447 1078 2496 aut
1100 2435 1131 2501 iu

132 2555 240 2600 earum
266 2533 446 2610 curatione,
485 2534 541 2598 sed
569 2555 628 2597 nos
660 2532 721 2614 ipsi
742 2533 831 2615 paria
855 2535 991 2617 patimur
1022 2559 1059 2600 ac
1086 2539 1134 2606 illi

133 2637 187 2721 qui
224 2638 292 2701 sole
324 2637 447 2702 lucente
481 2647 533 2701 aut
563 2636 722 2704 dormiunt
746 2649 799 2699 aut
831 2639 982 2702 claudunt
1005 2642 1132 2708 oculos.

132 2742 216 2803 Nam
238 2741 318 2802 siout
346 2739 391 2802 illi
417 2739 523 2803 calore
550 2739 674 2822 quidem
695 2739 844 2808 fruuntur
865 2741 919 2824 qui
943 2765 959 2806 a
988 2746 1056 2808 sole
1078 2748 1133 2809 da,

132 2855 185 2908 tur
212 2855 331 2928 terram
361 2844 442 2906 hanc
475 2841 705 2918 habitantibus,
744 2843 778 2906 v‘i
808 2855 910 2907 autem
941 2846 1134 2916 illuminante

132 2958 232 3026 semet
259 2947 377 3021 orbant¹
403 2945 518 3010 dilectu
539 2945 698 3026 proprio,
735 2959 924 3018 nouantem
943 2949 1005 3012 Dei
1030 2953 1133 3036 aliqua

133 3048 251 3115 invidia
272 3048 378 3111 radios
401 3051 440 3111 ab
469 3049 513 3112 eis
542 3069 618 3112 suos
652 3047 837 3124 avertentis,
875 3049 921 3114 sio
949 3065 980 3114 et
1008 3055 1061 3136 qui
1091 3061 1134 3120 ob

132 3173 267 3235 pravum
301 3151 384 3216 vitae
414 3172 512 3236 genus
543 3151 688 3214 dicuntur
720 3153 874 3215 excedere
902 3157 940 3216 de
962 3156 1037 3220 net
1055 3181 1134 3238 pro,

132 3253 289 3330 videntia,
324 3264 513 3318 nontamen
537 3255 665 3319 omnino
688 3266 779 3320 extra
800 3277 867 3318 eam
890 3270 973 3326 sunt,
1031 3263 1135 3326 Nemo

133 3357 216 3423 enim
239 3370 304 3444 est,
334 3367 369 3420 ut
390 3359 507 3439 hospes
529 3353 580 3420 ille
603 3358 645 3420 ait
666 3357 885 3437 Atheniensis,
925 3363 975 3424 vel
996 3362 1039 3425 ita
1060 3387 1135 3446 par.

133 3483 211 3536 vus,
245 3472 280 3522 ut
305 3460 337 3522 in
364 3461 526 3542 profundo
555 3473 661 3524 terrae
689 3464 879 3527 descendens
906 3465 1006 3528 latere
1034 3469 1136 3550 possit

132 3563 354 3646 providentiae
377 3562 480 3628 omnia
503 3563 603 3632 <etiarm¹
618 3565 740 3628 minima
762 3566 965 3648 inspectante
998 3563 1136 3638 aut'tam

134 3689 287 3752 magnus,
322 3680 356 3730 ut
384 3689 479 3749 snpra
508 3669 627 3735 caelum
650 3669 761 3733 volare
783 3672 884 3750 possit
907 3684 992 3736 etse
1014 3686 1135 3756 ponere

134 3783 226 3836 extra
249 3784 409 3855 regentem
433 3783 544 3834 cirneta
573 3771 821 3851 providentiam
859 3777 925 3838 sod>
943 3799 1013 3839 cunr
1042 3780 1133 3842 nobis

136 3877 174 3937 de
203 3895 262 3938 suo
285 3875 427 3954 Deorum
460 3886 631 3955 potestates
659 3877 743 3939 bona
771 3876 881 3960 largiri
909 3883 1048 3957 valeant,
1068 3884 1134 3946 'his
