2782 4790
274 1121 683 1230 ΙἈΜΜΩΝΙΟῩ
708 1125 839 1212 TOY
861 1124 1185 1212 ‘EPMEIOY

230 1317 315 1376 ἘΙΣ
349 1327 395 1379 το
436 1325 505 1378 τον
533 1315 834 1378 'mmmm
867 1325 963 1375 που]
989 1313 1240 1375 ’περιστατικά

348 1427 529 1547 TMHMA
559 1474 814 1545 AEYTEPON
833 1469 1135 1544 ὙΠΟΜΝΗΜΑ.

719 1889 753 1931 α.

302 1983 373 2052 Τῦν
387 1979 446 2052 όῦν
464 1984 636 2076 ἓιρημένοιν
656 1985 755 2076 τριῶν
776 1979 979 2062 ἀντιθέσεως
997 1983 1024 2064 ¹)
1046 1978 1133 2050 κατά
1154 1975 1237 2049 πάν-

234 2114 277 2155 τα
295 2082 415 2179 χρόνον
433 2082 553 2177 ὁμοίως
571 2089 713 2177 ἐχουσῶν
733 2084 820 2162 κατά
839 2084 879 2154 τό
900 2092 1004 2155 ποιεῖν
1022 2081 1238 2178 ἀντὶφασιυῆ

233 2189 278 2280 μη
304 2195 428 2273 ποιεῖν,
458 2189 518 2270 τὰς
538 2189 619 2259 καθ’
643 2195 766 2260 ἕκαστα
786 2186 964 2283 προτάσεις
984 2195 1085 2283 φησὶν
1109 2183 1129 2256 δ’
1142 2185 1237 2277 Ἀρι-

215 2298 387 2375 ,στοτέλης
414 2298 465 2361 ἐπὶ
488 2304 549 2382 μέν
572 2295 630 2376 τῆς
655 2291 837 2381 ἀναγκαίας
864 2287 961 2376 ῦλης,
989 2298 1044 2360 καὶ
1071 2287 1237 2390 ἀδυνάτου

234 2400 373 2485 διαιρεῖν
388 2395 475 2464 κατά
494 2393 602 2465 πάντα
622 2393 743 2488 χρόνον
764 2393 946 2487 ὡρισμένοις
969 2392 1009 2463 τό
1029 2393 1159 2478 ἀληθές
1181 2399 1238 2462 καὶ

233 2499 272 2567 τὸ
297 2501 431 2594 ψεῦδος.
459 2498 583 2568 ΚΚατά
603 2509 664 2589 μέν
686 2497 750 2590 γάρ
780 2497 839 2581 τὴν
863 2497 1048 2586 άναγκοιῐαν
1073 2492 1153 2582 ῦλην
1177 2496 1237 2581 τὴν

232 2612 291 2691 μὲν
305 2598 497 2695 κατάφασιν
514 2599 693 2685 ἀληθεύειν
711 2598 853 2690 ἀνάγκη,
874 2601 913 2670 τό
928 2601 1113 2691 ἀναγκαίοις
1130 2598 1236 2693 ὑπάρ-

230 2730 291 2795 χον
309 2702 464 2798 ὑπάρχειν
481 2710 663 2792 λέγουσαν,
694 2704 754 2789 την
779 2710 814 2775 δὲ
837 2703 1010 2803 ἀπόφασιν
1031 2702 1235 2802 ψευδεσθαι,

234 2801 291 2878 ἀτε
313 2806 517 2900 ἀναιροῦσαν
542 2806 581 2875 τό
603 2805 789 2897 ἀναγκαίως
810 2807 972 2902 ὑπάρχον·
1008 2807 1093 2877 κατά
1117 2811 1152 2875 δέ
1176 2805 1237 2889 τὴν

233 2909 397 2979 άδῦνατον
418 2909 477 2994 τὴν
500 2921 560 2999 μὲν
580 2909 773 3007 κατάφασιν
795 2910 988 3010 ψεύδεσθαι
1012 2910 1051 2980 τὸ
1072 2907 1238 2979 ἀδύνατον

234 3011 388 3107 ὑπάρχειν
407 3018 586 3102 λέγουσαν,
608 3013 667 3098 την
687 3021 722 3085 δὲ
742 3014 930 3111 ἀπόφασιν,
952 3009 1009 3084 άτε
1031 3013 1237 3106 ἀναιροῦσαν

234 3117 336 3201 ἀυτό,
360 3115 549 3200 ἀληθεύειν.
592 3118 693 3187 Κατά
718 3124 755 3188 δέ
770 3147 809 3208 γε
835 3118 894 3202 τὴν
919 3123 1124 3208 ἐνδεχομένην
1144 3111 1236 3200 ῦλην,

234 3217 340 3290 οῦκέτι
369 3229 470 3314 φησὶν
498 3218 618 3310 ὁμοίως
646 3220 751 3302 ἀντάς
772 3224 853 3311 ἔχειν
875 3221 960 3294 κατά
980 3220 1088 3292 πάντα
1113 3217 1244 3312 χρόνονΙ

202 3382 206 3393 ,
234 3328 486 3414 λαμβανομέυας
507 3323 589 3416 πρὸς
608 3325 669 3409 τὴν
693 3323 855 3418 διάκρισιν
880 3329 940 3394 τοῦ
955 3353 989 3394 τε
1008 3324 1161 3408 ἀληθοῦς
1179 3331 1235 3391 καὶ

234 3431 292 3495 τοῦ
312 3432 465 3523 ψευδοῦς.
482 3427 554 3496 Ἐπὶ
571 3439 631 3518 μὲν
650 3427 713 3520 γάρ
731 3431 791 3495 τοῦ
806 3426 1081 3521 παρεληλυθότος
1103 3434 1158 3494 καὶ
1174 3429 1234 3494 τοῦ

233 3534 420 3615 ἐνεστῶτος,
443 3525 500 3601 άτε
517 3536 552 3599 δὲ
573 3533 604 3615 ²)
627 3536 684 3600 τοῦ
701 3527 895 3623 πράγματος
910 3528 1137 3619 ἐκβεβηκότας,
1161 3536 1235 3620 περὶ

233 3630 273 3701 όῦ
291 3631 309 3700 ὁ
328 3631 441 3723 λόγος,
464 3632 608 3728 φανερόν
625 3639 708 3703 έῑναι
723 3639 787 3705 τῶν
808 3633 888 3702 καθ’
906 3639 1029 3703 ἕκαστα
1043 3631 1234 3726 προτάσεων

137 3743 143 3757 '
233 3732 291 3820 τήν
318 3763 351 3804 τε
379 3734 616 3820 ἀληθεῦουσαν
646 3744 700 3806 καὶ
734 3737 793 3820 τὴν
820 3743 1034 3832 ψευδομένην.
1087 3735 1144 3805 Ἒι
1168 3735 1234 3827 γάρ

232 3837 324 3929 τύχοι
349 3837 539 3929 λουόμενος,
574 3837 595 3924 ἢ
617 3837 817 3931 λουσάμενος
835 3847 922 3930 χθὲς
943 3837 961 3908 ὁ
979 3837 1178 3932 Σιοκράτης,
1212 3837 1231 3920 ἡ

231 3953 290 4030 μέν
311 3939 501 4036 κατάφασις
523 3941 681 4028 ἀληθεύει
703 3941 723 4029 ἡ
746 3951 907 4034 λέγουσα,
943 3940 1128 4035 Σωκράτης
1137 3951 1231 4033 χθὲς
