2782 4790
246 409 286 474 96

246 577 405 665 ἐσομένων
427 575 499 663 περ)
520 559 565 638 ὧν
585 570 783 659 προλέγουσι
804 569 858 648 ¹³).
900 558 1073 634 Καθόλου
1098 566 1134 630 δέ
1156 564 1259 651 έιμέν

248 674 358 746 πόντοι
385 680 455 754 τοῖς
476 678 575 752 θεοῖς
606 666 731 740 δυνατά
754 669 799 752 ¹⁴)
829 692 935 763 φασιν
963 671 1063 747 ἑῖνοιι,
1099 665 1193 732 ἔσται
1222 667 1258 732 δέ

246 788 302 848 καὶ
323 777 367 848 τὰ
386 773 536 845 ἀδύνατα
558 773 689 851 ἐκείνοις
711 769 854 852 δυνατὰ,
894 768 932 839 οὐ
954 769 1020 852 μὴν
1041 763 1258 857 δειχθήσεται

246 881 303 952 διὰ
324 885 382 965 τῆς
403 881 529 996 ἐκείνων
548 882 622 968 περὶ
650 878 716 943 τῶν
742 870 926 963 μελλόντων
954 868 1184 965 προγνώσεως,
1219 866 1259 938 τὸ

245 983 354 1056 πάντα
376 979 448 1066 έξ’
429 976 575 1068 ανάγκης
594 976 640 1046 τόι
659 974 816 1065 γινόμενοι
836 978 1005 1064 γίνεσθαι.
1042 970 1101 1042 Ει
1123 977 1158 1041 δὲ
1181 998 1261 1062 συγ

242 1089 387 1180 χωροῦσι
419 1083 462 1152 τδι
494 1080 644 1151 ἀδύνατα
680 1087 736 1148 καὶ
765 1085 836 1160 τοῖς
863 1081 1005 1158 θεοῖς
990 1084 1073 1147 εῖναι
1102 1079 1260 1160 τοιαῦτα,

245 1193 377 1282 πρῶτον
408 1195 469 1277 μέν
498 1182 620 1264 ἀστοὺς
648 1181 712 1277 χρὴ
743 1186 908 1252 δεικνῖναι
930 1179 1126 1264 δυνατῖγν’”
1095 1205 1179 1250 ειναι
1199 1178 1260 1263 τὴν

248 1289 379 1361 τοιόνδε
399 1286 606 1383 πρόγνωσιν,
629 1283 738 1356 ἕνθ’
721 1283 826 1364 οότως
850 1283 953 1368 ἇντὴν
974 1282 1176 1353 ανατιθέναι
1190 1289 1262 1362 τοῖς

246 1401 355 1474 θεοῖς.
415 1391 497 1462 Οὔτε
526 1417 591 1512 γαρ
621 1394 754 1509 ἐναργὲς
783 1385 862 1457 οὐθ
892 1386 958 1456 ὑπὸ
988 1390 1052 1456 τῶν
1081 1391 1261 1476 γινομένων

247 1492 511 1588 ὁμολογούμενον
547 1493 585 1562 τὸ
623 1489 747 1575 ταύτην
782 1489 843 1574 τὴν
874 1517 948 1582 περι
979 1491 1044 1557 τῶν
1075 1485 1261 1577 μελλόντων

245 1597 430 1694 πρόγνωσιν
450 1601 628 1667 ποιεῖσθαι
649 1593 727 1674 τοὺς
748 1591 865 1715 θερός
894 1589 1035 1682 Ἡμεῖς
1032 1601 1091 1661 ωέν
1113 1589 1171 1662 ὀῦν
1186 1589 1261 1662 δότε

246 1701 444 1826 ἆναιροῦμεν
464 1697 642 1789 μαντικὴν,
669 1694 753 1767 δότε
777 1695 835 1780 τὴν
855 1691 1052 1817 πρόγνωσιν
1063 1698 1127 1764 τῶν
1148 1698 1260 1764 θεων,

247 1802 290 1886 ὡς
325 1806 389 1893 ἔχει
422 1800 552 1898 φύσεως
579 1799 622 1870 τό
653 1797 853 1893 πράγματα,
892 1795 996 1884 ὁότως
1032 1795 1155 1880 ἆυτοὺς
1186 1805 1260 1890 περι

232 1906 355 1998 Ιἀυτῶν
375 1910 545 2001 προλέγειν
566 1909 724 1994 λέγοντες.

311 2319 400 2391 Ἀλλ’
435 2317 511 2389 οὐδὲ
540 2315 787 2414 ἀφαιρούμεθα
817 2323 880 2389 τῶν
908 2314 1098 2412 ἀνθρώπων
1126 2317 1165 2387 τὸ
1194 2316 1263 2388 ἀπὸ

247 2427 407 2514 μαντικῆς
425 2420 608 2517 χρήσιμον,
631 2418 650 2490 ό
673 2425 798 2511 γίνεται
819 2427 846 2506 ι)
869 2425 915 2520 τῷ
929 2419 1101 2492 δύνασθαί
1119 2449 1192 2492 τινα
1206 2432 1263 2491 καὶ

250 2523 475 2623 φυλάξασθαί
502 2552 537 2595 τι
563 2524 609 2615 μὴ
639 2523 869 2620 φυλαξάμενον
897 2524 955 2607 ἂν,
985 2525 1030 2616 μὴ
1059 2524 1263 2617 συμβουλεύ-

251 2655 375 2710 σαντος
396 2632 455 2698 τοῦ
477 2632 574 2698 θεοῦ.
613 2624 665 2696 ‘Oc
694 2633 730 2696 δέ
759 2627 935 2719 ὑμνοῦντες
961 2630 994 2714 2)
1022 2627 1081 2712 τὴν
1102 2628 1265 2719 μαντικὴν

250 2741 305 2802 καὶ
333 2730 421 2800 κατὰ
451 2729 512 2800 τὸν
541 2727 649 2800 ἁυτῶν
677 2728 778 2820 λόγον
797 2730 901 2822 μόνον
923 2729 1095 2816 σώζεσθαι
1116 2737 1264 2820 λέγοντες

249 2833 354 2918 ἀυτὴν
366 2887 374 2918 ,
407 2831 588 2930 καὶταύτῃ
610 2837 718 2904 πίστει
739 2841 767 2918 ³)
790 2839 848 2904 τοῦ
869 2831 980 2905 πάντα
1003 2833 1084 2904 καθ’
1108 2840 1263 2928 ἑιμαρμέ

249 2965 308 3022 νην
329 2939 488 3027 γίνεσθαι
508 2935 686 3030 χρώμενοι,
708 2937 792 3032 πρὸς
815 2941 860 3031 τῷ
880 2944 982 3029 μηδὲν
1003 2937 1134 3022 ἀληθές
1149 2945 1262 3028 λέγειν,

249 3045 380 3133 προςέτι
402 3047 457 3110 καλ
479 3036 591 3134 ἄτοπά
612 3067 687 3111 τινα
708 3049 763 3110 καὶ
779 3037 941 3134 ἀλλότρια
964 3039 1157 3111 παντάπασι
1171 3044 1263 3110 θεῶν

250 3150 324 3236 περὶ
345 3140 453 3214 ἀντῶν
484 3148 542 3226 ὅτι)
578 3147 724 3242 τολμῶσι
745 3150 857 3233 λέγειν.
879 3148 959 3225 Πῶς
979 3145 1046 3238 πὰρ
1070 3143 1129 3214 οὐκ
1151 3143 1265 3214 ε’ἱτοπα

249 3244 385 3339 τόπερ)
407 3243 516 3316 ἆυτῶν
536 3243 587 3315 ὑπ’
612 3244 720 3316 ἀυτῶν
742 3243 924 3336 λεγόμενος
942 3245 1175 3342 Ἀποροόντων
1195 3244 1262 3340 γάρ

251 3375 348 3418 τινων
368 3347 452 3442 πρὸς
473 3346 611 3432 ἆυτοός,
633 3351 665 3418 τί
686 3347 726 3433 δή
747 3377 844 3435 ποτε,
867 3355 895 3421 έι
915 3349 1027 3423 πάντα
1048 3349 1091 3420 τὰ
1105 3348 1262 3441 γινόμενα

169 3473 171 3477 ’
254 3454 287 3536 ἐξ
306 3447 451 3540 ἀνάγκης
471 3454 618 3541 γίνεται,
651 3458 687 3520 αἱ
714 3451 891 3545 παρόντων
919 3459 1011 3524 θεῶν
1030 3461 1183 3544 μαντεῖαι
1202 3463 1265 3544 μέν

250 3556 398 3642 γίνονται
412 3559 617 3644 συμβουλαῖς
638 3559 788 3639 ἐοικυῖαι,
810 3556 854 3637 ὡς
869 3563 1055 3648 δυναμένων
1068 3555 1108 3626 δι’
1125 3554 1262 3640 όὶῆκου·

252 3683 315 3727 σαν
337 3655 366 3739 ⁴)
388 3664 444 3726 καὶ
466 3653 688 3750 φυλάξασθαί
710 3686 743 3728 τι
764 3668 821 3730 καὶ
842 3665 982 3731 ποιῖισοι
1010 3664 1073 3732 τῶν
1098 3657 1262 3730 ἄκουσόν-

251 3787 332 3842 των,
353 3767 409 3828 καὶ
430 3757 472 3842 δὴ
493 3767 549 3828 καὶ
570 3758 628 3829 τὸν
648 3765 695 3855 τῷ
715 3767 814 3856 Λαΐῳ
836 3768 984 3834 δοθέντα
1003 3763 1153 3856 χρησμὸν
1174 3791 1260 3856 παρ·

250 3865 408 3952 εχομενων
436 3867 484 3945 5),
519 3861 558 3934 δι’
590 3859 610 3932 ό
642 3869 726 3952 λέγει
754 3865 838 3959 πρὸς
860 3865 963 3942 δυτόν
986 3864 1005 3936 ὀ
1026 3864 1167 3947 Πύθιος
1188 3875 1261 3956 περὶ

252 3968 312 4038 τοῦ
332 3962 378 4054 μὴ
400 3968 467 4064 δεῖν
486 3971 766 4042 παιδοποιεῖσθαι
