2782 4790
1068 313 1128 430 nr

125 546 206 596 vero
229 549 287 594 nos
309 550 373 594 non
394 528 536 612 quemvis
560 526 615 610 qui
638 525 754 610 aliquid
771 527 866 592 faciat
897 531 983 613 qnod
1003 531 1126 614 placet,

122 635 251 698 dicimus
277 645 364 701 recte
391 635 507 716 agere,
542 651 600 692 nec
621 631 804 714 delinquere
833 654 903 694 eum
928 633 983 716 qul
1011 638 1125 717 quovis

123 723 218 801 modo
250 729 366 818 aliquid
401 729 477 798 facit
509 733 673 807 indecens;
716 737 771 796 sed
803 746 870 798 tum
902 723 1023 800 demum
1054 758 1125 802 cum

124 839 192 924 quis
214 839 390 902 libertatem
411 837 530 900 habens
553 838 592 898 ad
608 836 741 917 peiora,
778 838 886 922 deligit
913 852 944 901 et
952 821 961 914 ¹,
972 841 1037 926 agit
1060 865 1127 906 me-

123 943 224 1018 liora,
261 963 331 1004 eum
360 940 489 1030 dicimus
518 949 604 1002 recte
634 961 742 1023 agere.
788 943 870 1002 Nam
895 941 1015 1025 siquis
1041 945 1128 1008 forte

124 1045 254 1109 fortuna
279 1046 387 1106 eadem
411 1043 524 1118 faciat,
563 1063 633 1106 eum
658 1054 744 1104 recte
767 1064 863 1127 agere
889 1067 952 1106 non
983 1047 1125 1123 dicimus,

125 1147 196 1230 quia
216 1159 252 1210 ut
270 1159 358 1209 recte
381 1145 499 1229 aliquid
520 1145 572 1230 agi
591 1144 774 1224 iudicetur„
787 1168 852 1210 non
873 1146 905 1208 id
926 1149 966 1209 ab
992 1150 1124 1233 actioni7
1220 1141 1224 1158 ’

125 1254 182 1313 bus
204 1253 320 1332 pendet
341 1249 436 1324 solis,
475 1250 530 1310 sed
559 1249 658 1311 multo
689 1258 759 1310 ante
787 1250 826 1312 ab
856 1249 950 1312 animi
975 1253 1128 1317 constitu·

125 1354 209 1417 tione
235 1365 266 1416 et
294 1352 431 1416 efficacia
452 1373 493 1414 ex
515 1372 577 1435 qua
594 1351 686 1414 fiunt.
731 1353 913 1435 Eademque
941 1353 974 1416 in
1005 1346 1126 1418 delictis

127 1457 220 1519 ratio.
265 1455 332 1518 Illis
353 1477 434 1517 vero
455 1455 582 1520 libertas
603 1455 715 1538 agendi
737 1453 795 1518 alia
817 1477 910 1538 quam
931 1477 1010 1538 quae
1033 1469 1132 1542 egrmt
1191 1513 1195 1519 .

64 1575 68 1581 ’
128 1582 145 1622 a
175 1562 270 1622 rebus
298 1557 570 1628 circumstantibus
608 1557 780 1639 abripitur,
818 1558 894 1640 ipsis
922 1559 954 1623 in
989 1560 1023 1623 id
1053 1560 1132 1624 nibil

128 1660 418 1736 contribuentibus‚
443 1671 478 1722 ut
497 1658 570 1722 talia
587 1659 674 1742 ipsos
687 1661 888 1724 circumstent
902 1675 1037 1744 propter
1048 1685 1129 1746 quae
1155 1723 1156 1730 ,

88 1753 94 1770 ’
130 1777 238 1851 agunt.
297 1764 342 1826 Et
367 1763 444 1825 tales
468 1765 631 1845 quomodo
658 1763 727 1846 quis
760 1763 842 1827 dicat
868 1777 921 1827 aut
951 1766 1137 1849 delinquere

131 1881 182 1932 aut
209 1878 298 1930 recte
325 1864 444 1950 agere?
480 1866 563 1928 Nam
595 1886 712 1948 neque¹
729 1866 761 1930 in
786 1879 943 1949 potestate
975 1869 1046 1952 quis
1075 1847 1133 1934 sua

129 1973 242 2046 habet,
274 1981 327 2032 aut
344 1991 383 2032 ne
405 1967 444 2032 sit
461 1967 493 2030 in
515 1967 570 2029 tali
595 1968 689 2031 animi
708 1981 809 2046 statu,
849 1970 904 2053 qni
928 1972 1067 2056 nascitur
1081 1995 1135 2036 ,ex

130 2073 324 2158 appetitione
357 2074 396 2136 ad
429 2073 507 2133 haec
539 2081 592 2132 aut
626 2071 678 2134 illa
712 2074 854 2156 agenda,
892 2073 947 2136 nbi
980 2074 1057 2158 tales
1083 2097 1136 2138 res
1191 2075 1220 2160 's

130 2179 349 2252 circiuustant,
373 2195 433 2237 nec
450 2195 514 2257 quo
533 2173 633 2238 minus
656 2175 733 2236 tales
755 2197 808 2238 res
832 2197 902 2238 enm
920 2175 1135 2241 circumstent.

131 2283 227 2346 Nam·
244 2281 287 2344 ob
315 2281 371 2342 has
394 2299 502 2340 causas
528 2278 647 2342 nullum
670 2278 783 2348 animal
807 2291 925 2342 mutum
955 2281 993 2343 de
1022 2281 1137 2344 talibus
1186 2351 1188 2360 s

132 2405 327 2447 accusamus.
370 2382 416 2444 At
441 2401 521 2444 vcro
543 2381 597 2463 qui
619 2383 657 2446 ad
676 2384 830 2466 agendum
851 2383 986 2445 trahitur
1005 2379 1049 2452 ⁴ab
1072 2383 1152 2448 isto‘

133 2485 225 2551 animi
261 2497 345 2548 statu
382 2495 414 2547 et
442 2483 509 2546 istis
540 2485 635 2546 rebus
669 2481 960 2562 circumstantibus,
1001 2508 1137 2569 quorum

127 2589 274 2654 omnium
294 2609 334 2650 ne
361 2587 405 2650 ita
427 2608 460 2650 se
485 2587 621 2650 habeant
645 2587 713 2670 ipse
743 2587 885 2680 dominns
916 2609 981 2652 non
1010 2601 1075 2665 est,
1111 2589 1138 2651 is

134 2706 220 2758 certe
246 2713 306 2756 nec
323 2691 355 2754 in
372 2689 409 2753 iis
436 2711 515 2774 quae
540 2691 586 2754 sic
607 2690 690 2774 agit,
719 2704 806 2754 recte
832 2713 927 2777 agere
952 2714 1012 2757 nee
1030 2692 1138 2756 'delin-

136 2817 235 2881 quere
264 2794 326 2857 dici
359 2806 478 2876 potest.
545 2791 628 2864 Cum
649 2815 729 2858 vero
755 2796 949 2858 laudationes
987 2808 1018 2858 et
1055 2788 1145 2884 vitu-¹

134 2898 316 2982 perationes
340 2898 446 2990 locum
470 2897 605 2958 habeant
626 2896 709 2960 eirca
738 2918 775 2962 ea
802 2919 863 2981 qne
888 2909 973 2960 reete
1000 2910 1138 2982 aguntur

136 3015 189 3066 ant
220 3022 300 3086 quae
328 2995 522 3082 peccantur,
564 2999 653 3062 etiam
687 2999 763 3081 ipsis
795 3001 964 3064 fatentibus
995 3014 1145 3082 apertum

136 3118 182 3169 est
203 3105 252 3169 his
277 3103 406 3166 sublatis
432 3103 524 3167 etiam
544 3101 597 3165 illa
621 3102 702 3166 tolli.
746 3101 797 3165 De
820 3101 889 3166 Diis
912 3115 1015 3166 autem
1043 3123 1139 3188 agere

135 3221 222 3273 recte
265 3229 330 3270 non
364 3205 496 3288 proprie
535 3203 666 3270 dicium:
697 3208 770 3277 ‚sed
803 3206 889 3270 forte
927 3205 988 3268 dici
1028 3217 1135 3287 potest

137 3315 192 3376 e'os
221 3311 307 3375 bona
333 3309 461 3388 facere,
509 3308 653 3384 nimirum
681 3309 754 3392 quia
777 3308 809 3372 in
838 3307 950 3391 quibus
978 3319 1025 3370 est
1050 3319 1135 3369 recte

138 3435 252 3500 agere,
282 3412 315 3476 in
332 3412 369 3474 iis
389 3424 436 3474 est
457 3423 487 3473 et
508 3433 654 3492 peccare.
701 3415 775 3476 Non
799 3423 844 3474 est
866 3422 968 3472 antem
989 3409 1142 3491 peccandi

141 3539 243 3599 capax
271 3527 383 3578 natura
415 3514 531 3578 divina.
576 3517 619 3576 Et
641 3527 775 3596 propter
800 3516 863 3578 hoe
891 3536 954 3577 non
980 3514 1138 3576 laudamus

42 3621 45 3630 “
140 3619 230 3684 Deos
264 3617 337 3701 quia
369 3618 503 3682 maiores
532 3617 592 3680 sint
623 3629 654 3678 et
684 3617 801 3698 positi,
854 3628 920 3682 tum
950 3638 1046 3698 supra
1070 3617 1138 3678 lau·-

141 3725 218 3800 des,
271 3733 337 3784 tum
377 3743 473 3804 supra
512 3721 662 3786 virtutum
699 3720 856 3796 actiones,
901 3740 980 3802 utrae
1005 3717 1143 3784 'laudari
1202 3807 1205 3822 s

142 3825 256 3888 solent.
1090 3837 1091 3842 ’
