2782 4790
1056 398 1115 458 tte

106 566 300 648 loquantur,
327 561 411 628 'unit
435 565 495 654 ipsi
521 565 707 638 conssrant,
739 565 990 649 quandoquidem
1012 587 1113 649 neque

106 681 214 732 return
237 667 520 743 circumstantium,
544 689 646 750 neque
665 668 731 732 eius
754 669 847 732 aniani
861 681 959 732 status
973 668 1004 733 in
1021 689 1114 752 quem

107 773 203 836 rebus
218 769 264 832 sic
283 769 554 834 circumstantibus
576 791 702 852 semper
725 783 1004 848 transmoventur,
1035 793 1115 836 catr-

108 895 173 935 sam
204 873 236 936 in
268 894 303 934 se
330 874 458 936 habent.
515 874 612 954 Quod
643 873 670 935 si
691 885 880 955 potestatem
905 875 1055 938 habemus
1085 885 1117 937 et

109 975 218 1039 melius
241 987 273 1040 et
298 961 386 1058 peius
416 975 532 1059 aliquid
552 976 692 1052 dicendi,
725 977 794 1060 quis
820 999 884 1041 non
907 978 1037 1041 miretur
1062 999 1116 1040 sn·

108 1099 299 1160 pervacuam
320 1101 413 1161 quam
432 1079 477 1142 illi
496 1078 632 1153 faciunt,
664 1101 846 1144 sermonum
864 1092 1053 1144 structuram
1075 1102 1117 1142 ex

109 1181 261 1244 confessis
285 1193 317 1244 et
342 1181 536 1248 evidentibus
559 1182 623 1244 hoo
644 1181 864 1266 colligentem,
903 1183 1021 1246 nullum
1046 1204 1118 1248 esse

109 1283 339 1376 usumtlongae
365 1288 404 1348 ad
425 1296 609 1368 argumenta
630 1286 782 1348 nectenda
808 1295 950 1366 sumptae
975 1284 1117 1366 operae?

110 1388 191 1449 Nam
213 1409 286 1476 esim
306 1400 426 1470 ponant
443 1389 557 1452 Fatum
572 1386 618 1449 uti
640 1387 786 1450 omnibus
807 1387 845 1450 iis
868 1408 947 1470 quae
973 1409 1014 1450 ex
1033 1389 1117 1452 Fato

108 1488 190 1552 sacta
223 1502 296 1552 sunt
321 1503 374 1554 aut
404 1491 484 1554 fiunt
516 1493 555 1553 ad
586 1489 798 1554 inevitabilem
835 1511 928 1573 quem
965 1503 1117 1573 operatur

111 1593 275 1669 effectum,
298 1593 342 1657 ita
359 1605 393 1656 ut
416 1597 565 1677 quodque
588 1605 694 1656 natum
717 1604 765 1656 est
786 1605 818 1658 et
838 1605 873 1656 ut
894 1615 954 1676 per
974 1606 1117 1658 naturam

111 1715 142 1757 se
164 1696 278 1770 habet;
301 1697 403 1778 lapide
425 1710 460 1760 ut
480 1698 600 1778 lapide,
623 1697 787 1779 plantant
812 1697 940 1778 planta,
965 1697 1117 1762 animante

111 1809 143 1860 ut
169 1799 344 1874 animante,
377 1801 464 1882 quod
489 1800 516 1863 si
536 1813 571 1862 nt
593 1801 764 1878 animante,
790 1812 929 1863 certent
950 1813 1025 1864 nato
1048 1822 1117 1864 mo·

15 1903 17 1928 ²
110 1899 227 1964 tionem
248 1903 367 1964 hahere
393 1924 434 1964 ex
456 1903 618 1985 appetitu:
657 1903 729 1986 quia
758 1902 878 1966 scilicet
905 1897 1028 1985 ponunt
1053 1905 1117 1968 Fa-

111 2014 175 2064 tum
201 2003 247 2065 uti
270 2005 423 2068 animante
444 2018 480 2068 ut
502 2005 672 2081 animante,
707 2005 740 2068 id
762 2017 862 2070 autem
885 2019 950 2082 est,
984 2018 1019 2068 ut
1041 2019 1118 2090 apto

112 2106 237 2169 moveri
261 2128 301 2170 ex
327 2108 487 2196 appetitu:
520 2130 556 2170 ac
573 2109 647 2180 fieri
669 2128 748 2190 quae
777 2129 795 2170 a
817 2091 907 2172 Fato
921 2107 1021 2184 fiunt,
1060 2131 1119 2190 per

112 2206 276 2272 animantia
298 2214 468 2273 secundum
490 2210 689 2274 animantium
710 2211 882 2276 motionem
905 2232 946 2273 ex
963 2212 1116 2293 appetitu,

111 2324 141 2373 et
162 2333 200 2375 ea
221 2311 290 2392 ipsa
311 2313 489 2378 necessario
516 2312 685 2397 sequipes
716 2314 950 2378 circumstantes
980 2327 1015 2376 ut
1045 2336 1118 2376 cau·

111 2436 182 2490 sas,
209 2436 341 2498 quarum
365 2437 528 2480 causarum
551 2419 677 2478 ductum
699 2436 828 2478 servare
851 2415 1017 2480 animantia
1040 2416 1118 2498 ope-

111 2520 212 2581 rando
235 2520 406 2582 secuudum
428 2518 585 2600 appetitus
614 2517 797 2581 motionem.
842 2519 886 2580 Et
916 2518 988 2600 quia
1016 2518 1120 2582 omnia

17 2648 20 2668 ·
113 2621 196 2692 Fato
227 2620 328 2698 fiunt,
368 2621 461 2685 etiam
492 2609 531 2684 ἰιὶ
557 2633 667 2684 nostra
699 2641 767 2684 esse
795 2631 951 2702 potestate
973 2619 1005 2682 id
1025 2643 1118 2702 prae·

112 2723 264 2805 scriptum
294 2744 437 2814 servare.
495 2726 585 2787 Haec
614 2746 684 2786 cum
713 2723 758 2786 sic
780 2722 886 2786 dieunt
908 2735 938 2786 et
960 2723 1019 2788 alia
1041 2743 1120 2807 quae

112 2826 344 2911 interrogando
373 2837 575 2909 proponunt,
615 2827 760 2890 ridentur
781 2826 856 2888 mitri
876 2825 908 2889 id
928 2827 1034 2892 facere
1056 2849 1121 2890 non

116 2941 180 2992 tarn
203 2931 291 3012 quod
320 2950 399 2991 vero
429 2930 603 3005 confidant,
643 2951 735 3012 quam
763 2936 799 2990 ut
828 2928 880 2990 diu
907 2931 1061 2991 trahendo
1088 2930 1120 2996 in

114 3032 246 3117 longum
277 3043 308 3094 et
335 3031 572 3112 multiplicando
601 3053 723 3107 voces,
763 3041 794 3094 et
821 3030 854 3092 in
876 3033 1047 3096 obscurum
1069 3054 1121 3096 cas

115 3134 305 3218 implicando
335 3134 498 3215 imponant
527 3133 734 3197 auditoribus.
793 3133 916 3195 Verum
948 3157 1006 3198 nos
1039 3159 1124 3200 mmo
1166 3171 1172 3184 ·

116 3239 191 3321 qtrid
213 3238 317 3302 dicant
339 3237 521 3313 videamus,
559 3249 590 3302 et
617 3247 854 3320 praetereuntes
884 3238 1002 3313 multa,
1041 3258 1121 3321 qnae

116 3340 161 3404 ilii
181 3353 353 3423 usurpant,
385 3339 528 3415 nomina,
563 3353 597 3403 ut
619 3340 805 3404 destinatum
828 3351 859 3400 et
880 3351 999 3402 sortem
1022 3354 1053 3403 et
1074 3343 1122 3407 di.

117 3443 353 3520 atributionem,
393 3462 472 3525 quae
499 3441 544 3506 illi
572 3443 683 3526 quibus
708 3442 819 3505 volunt
841 3441 1121 3525 significationibus

118 3559 270 3623 utuntur,
309 3545 508 3628 exquiramus
537 3553 669 3610 caetera.
722 3545 849 3627 Operae
877 3545 1012 3626 pretium
1041 3548 1122 3612 enim

118 3663 167 3716 ¹est
189 3670 387 3735 cognoscere
410 3648 625 3712 necessitatem
645 3649 726 3713 illius
750 3649 1013 3732 consequentiae3
1036 3651 1123 3718 Fieri

122 3753 230 3838 nequit
252 3764 287 3816 ut
301 3752 370 3816 tale
392 3750 432 3814 sit
446 3753 559 3815 Fatum
582 3764 613 3814 et
634 3773 698 3814 uon
720 3750 759 3814 sit
781 3752 846 3814 lex.
891 3753 971 3814 Nam
995 3752 1022 3816 'si
1043 3774 1123 3836 quae

122 3857 203 3922 Fato
216 3856 317 3932 fiunt,
341 3867 514 3938 sequuntur
535 3855 713 3920 necessario
736 3875 844 3918 causas
869 3853 1120 3934 circumstantes,

831 3958 851 4024 8
