2828 4792
1138 389 1157 450 9

222 661 342 728 Omnes
362 659 481 748 igiosa,
506 659 622 746 quide
636 662 719 726 Fato
738 667 857 748 agrmt,
883 661 965 728 Fato
980 661 1159 726 adscribere

152 765 221 830 vim
253 767 409 850 qarandam
440 786 553 830 causae
583 765 680 829 inea
700 787 781 848 quae
808 765 905 843 finnt,
944 763 1073 829 evidens
1097 778 1158 830 est.

149 870 247 932 Hane
270 868 352 932 enim
382 868 543 954 assignant
571 879 604 932 et
627 868 782 932 affirmant
812 891 938 933 eausam
967 891 1054 948 esse,
1103 891 1160 932 cur

150 971 230 1034 liant
248 993 329 1055 quae
350 971 430 1036 iirmt
457 983 489 1035 et
510 957 673 1056 qaromddo
702 971 793 1036 fiant.
838 971 920 1038 Cum
945 995 1026 1037 vero
1048 994 1160 1036 causae

151 1097 221 1140 vox
241 1097 307 1140 non
328 1096 394 1138 uno
411 1075 444 1139 in
462 1075 648 1161 significatu
672 1087 830 1154 sumatur,
873 1098 953 1160 opus
976 1089 1024 1140 est
1046 1089 1083 1140 ut
1107 1075 1162 1160 qui

152 1179 265 1244 ordine
288 1180 372 1242 hanc
396 1179 613 1264 quaestionem
638 1179 716 1244 velit
741 1179 896 1262 exsequi,
943 1179 1015 1243 inde
1039 1179 1161 1244 initimn

47 1277 55 1284 ’
153 1293 268 1359 sumat,
292 1303 428 1365 quanam
442 1281 475 1345 in
486 1302 648 1346 causarum
666 1283 766 1346 classe
782 1284 964 1364 ponendum
977 1284 1019 1346 sit
1033 1285 1161 1346 Fatum.

152 1385 245 1450 Nihil
268 1383 349 1448 enim
371 1405 483 1450 eorum
508 1406 589 1470 quae
615 1385 682 1450 aliis
701 1397 733 1449 et
754 1385 821 1450 aliis
843 1385 991 1448 dicuntur
1005 1386 1159 1462 sensibus,

151 1491 273 1558 clarum
306 1491 437 1566 evadet,
484 1489 546 1554 uisi
576 1490 763 1554 adhibeatur
791 1491 958 1555 commoda
987 1488 1160 1553 distinctio.

152 1593 279 1660 Causae
295 1615 376 1678 ergo
393 1615 453 1675 per
471 1615 548 1677 quas
564 1615 616 1657 res
627 1593 728 1670 fiunt,
752 1592 973 1658 discernuntur
992 1593 1025 1658 in
1044 1593 1160 1656 classes

149 1709 308 1783 quamor,
334 1697 414 1762 sicut
436 1697 559 1762 divinus
579 1696 774 1762 Aristoteles
793 1695 995 1760 monstravit.
1040 1693 1161 1760 Causa-

150 1823 223 1866 rum
244 1800 328 1864 enim
352 1799 427 1864 alias
449 1821 517 1864 esse
536 1801 579 1864 ait
597 1800 751 1882 opifices,
783 1799 858 1864 alias
878 1799 942 1864 vim
958 1800 1078 1862 habere
1095 1820 1161 1862 ma·

151 1905 274 1980 teriae,
299 1903 374 1968 alias
392 1903 551 1968 informa
575 1903 720 1986 positas;
744 1905 784 1966 ad
809 1905 889 1966 haec
910 1903 972 1967 tria
998 1924 1162 1966 causarum

151 2028 276 2093 genera
294 2009 445 2072 accedere
460 2019 625 2090 quiartum,
651 2009 739 2090 quod
753 2018 801 2069 est
817 2006 1019 2089 propositum
1041 2006 1161 2089 operis,

154 2110 244 2175 cuius
265 2131 346 2194 ergo
362 2109 398 2173 fit
420 2111 508 2192 quod
527 2109 577 2172 iit.
623 2111 667 2172 Et
687 2120 737 2172 tot
759 2109 885 2191 quidem
906 2121 979 2171 suut
1000 2131 1164 2172 causarum

154 2212 367 2278 diversitates.
426 2212 615 2296 Quanquam
648 2231 728 2275 vero
753 2233 819 2276 non
847 2211 952 2276 omnia
983 2233 1063 2294 quae
1084 2213 1165 2276 litmt

151 2329 202 2382 tot
221 2315 324 2380 causis
347 2336 428 2397 opus
446 2316 581 2390 habent,
606 2325 743 2378 attanen
759 2337 840 2400 quae
858 2316 1001 2399 plurimis
1023 2314 1163 2400 indigent

152 2420 285 2500 causis,
301 2440 368 2483 non
389 2421 545 2482 excedunt
566 2417 684 2482 dictum
708 2419 770 2482 iam
792 2441 968 2482 numerum.
1013 2421 1076 2483 Sed
1094 2442 1164 2484 orn·

150 2524 240 2588 nium
269 2523 382 2584 harum
415 2543 580 2586 causarum
612 2522 762 2588 discretio
790 2522 845 2586 fiet
874 2523 1038 2604 apertior,
1079 2523 1163 2587 siin

153 2627 263 2710 aliquo
279 2646 391 2690 eorum
411 2623 494 2708 quae
508 2624 587 2689 fiunt
602 2625 750 2706 exemplo
766 2637 940 2708 spectatam,
985 2625 1164 2689 Discrimen

155 2752 237 2818 ergo
260 2749 425 2792 causarum
451 2748 637 2810 quaeramus
666 2727 699 2791 in
724 2728 907 2792 simulacro.
966 2728 1044 2791 Eius
1071 2750 1165 2792 causa

156 2833 270 2915 opiiex
280 2843 328 2894 est
343 2830 368 2894 is
384 2825 439 2912 quii
455 2829 533 2896 illud
552 2829 691 2896 condidit
714 2831 847 2908 artifex,
872 2853 966 2916 quem
980 2831 1165 2894 statuarium

154 2937 301 3000 dicimus·
353 2935 423 2998 Pro
446 2932 578 2996 materia
606 2945 654 2996 est
682 2934 742 2996 arti
768 2933 932 2996 subiacens
959 2946 1012 2996 aut
1037 2957 1088 2997 aes
1112 2946 1166 2997 aut

155 3057 321 3112 summor,
370 3047 424 3098 aut
454 3029 482 3100 si
513 3035 589 3119 quid
621 3035 705 3100 aliud
732 3036 876 3099 statuarii
901 3049 968 3100 arte
992 3037 1163 3122 liguratur.

155 3145 241 3208 Nam
265 3142 380 3204 etheo
403 3151 451 3202 est
467 3160 581 3215 cauea,
605 3161 663 3202 cur
680 3139 720 3203 sit
742 3139 937 3222 curquefiat
958 3140 1162 3228 simulacrum.

154 3246 282 3312 Verum
307 3244 428 3326 species
455 3241 525 3322 ipsa
555 3241 715 3326 simulacri
746 3265 840 3326 causa
865 3255 933 3324 est,
967 3266 1004 3307 ea
1025 3244 1163 3320 scilicet,

156 3371 252 3431 quam
271 3346 419 3416 materiae
441 3345 575 3426 imponit
602 3346 789 3422 stauracius,
828 3358 965 3428 propter
987 3369 1080 3428 quam
1101 3359 1165 3410 sta·

157 3461 215 3518 tua
239 3462 375 3516 vocatur
398 3448 485 3516 diseo
509 3448 640 3526 ludens,
665 3448 865 3534 sagittarius,
890 3461 922 3532 et
946 3449 1012 3512 aliis
1030 3451 1165 3515 nomini·

157 3557 217 3620 bus
244 3575 285 3618 ex
308 3566 396 3620 certe
415 3553 520 3621 forma
539 3553 702 3634 desumtis.
768 3554 831 3616 Sed
858 3574 961 3636 neque
988 3555 1067 3618 haec
1095 3552 1168 3618 sola

159 3679 273 3722 causae
302 3668 393 3733 suot,
441 3679 498 3726 cur
531 3655 694 3719 exoriatur
723 3655 946 3723 simulacrum:
980 3657 1057 3720 nrdli
1084 3659 1166 3732 enim

159 3783 325 3829 causarum
351 3759 456 3843 operis
488 3760 570 3824 cedit
595 3759 797 3842 propositum
826 3761 914 3824 cuius
937 3782 1017 3845 ergo
1046 3763 1161 3846 agitur,

160 3879 238 3949 puta
250 3867 353 3932 honos
369 3864 498 3945 alicuius
511 3876 564 3928 aut
578 3863 611 3928 in
630 3862 763 3946 aliquem
779 3863 923 3936 Deorum
939 3865 1052 3947 pictas.
1078 3866 1165 3928 Talis

159 3969 241 4034 enirn
272 3989 366 4036 causa
393 3967 452 4036 nisi
475 3967 668 4042 exstitisset,
707 3989 745 4034 ne
775 3979 923 4050 coeptum
941 3969 1065 4052 quidem
1084 3983 1166 4032 esset
1265 4011 1267 4016 .

1126 4212 1150 4240 ss
