2804 4786
1094 391 1162 466 au
1183 481 1187 490 Ι

152 575 207 654 11)
233 573 531 659 Μαγονσαῐοι]
564 573 651 638 idem
677 573 791 656 repetit
813 573 920 657 paullo
941 567 1092 650 inferius,
1118 596 1155 638 ac
1215 648 1218 670 Ι

235 677 351 742 diserte
375 677 569 763 Magusaeos
600 675 672 741 illos
701 677 817 741 Persas
853 677 951 742 fuisse
978 681 1080 741 'ducet
1112 679 1153 741 B.

237 780 433 866 Epiphanius
450 797 527 866 pag.
548 779 642 844 1091.
670 799 755 844 num.
781 782 833 844 12.
857 781 940 846 iuter
956 781 1156 846 Persiearum

238 895 395 950 sectarum
415 879 579 981 ἀρχηγοὺς
599 884 727 947 eosdem
747 897 912 962 numerat,
946 897 977 948 et
997 899 1083 948 num.
1103 887 1155 950 13.

240 988 406 1074 repudiato
428 999 626 1052 caeterorum
653 985 813 1051 idolorum
844 989 930 1052 cultu
959 989 1066 1052 Solem
1088 1000 1158 1052 tan·

239 1103 328 1168 tum,
366 1091 491 1154 Lunam
515 1089 691 1174 Ignemqne
720 1091 868 1153 venerari
893 1091 1013 1156 scribit.
1069 1091 1158 1158 Cave

238 1195 413 1260 confundas
426 1213 497 1256 cum
512 1191 709 1278 Magusaeis‚
733 1213 789 1256 seu
803 1195 989 1279 Magusanis
1005 1198 1158 1261 Petraeae

132 1286 136 1298 ’
242 1319 280 1363 ac
299 1297 400 1362 felicis
423 1294 562 1360 Arabiae
583 1295 734 1379 populis:
763 1295 823 1360 nisi
843 1297 929 1361 forte
950 1299 983 1360 hi
1005 1299 1095 1362 etiam
1118 1303 1157 1363 ab

240 1400 302 1465 illis
322 1397 528 1484 proseminati
549 1411 633 1462 sunt.
677 1399 758 1462 Nam
779 1399 832 1462 hic
854 1399 940 1463 vides
962 1403 1158 1486 Magusaeos

224 1505 359 1570 *Persas
395 1501 489 1568 variis
524 1523 558 1565 se
586 1501 722 1586 populis
745 1522 783 1564 ac
814 1504 960 1588 gentibus
996 1504 1158 1569 insevisse.

240 1607 384 1692 (teger.)
997 1623 999 1628 '

136 1745 140 1752 ·
160 1709 216 1792 tt)
241 1706 352 1799 παρὰ
373 1704 549 1792 Γήλοις]
565 1707 734 1774 Caesarius
748 1711 823 1774 loco
838 1710 935 1774 citato
950 1711 1160 1776 Bardesanem

243 1809 329 1880 κατὰ
349 1807 631 1896 πόδαςοοιῃιίῑιιτ,
654 1812 714 1875 nisi
726 1814 813 1896 quod
828 1807 939 1894 Γήλας
953 1835 1016 1878 uon
1032 1811 1161 1896 Ιῖἡλονς

243 1929 351 1981 vocat.
413 1908 574 2004 Θάτερος,
608 1914 730 1999 inquit,
764 1911 858 2005 παρὰ
885 1910 1014 1996 'Ritus
1043 1913 1161 2004 νόμος,·

243 2024 402 2105 γυναῖκας
419 2023 587 2108 γεωργεῖν,
608 2023 664 2083 καὶ
681 2013 883 2104 οἰκοδομεῖν,
903 2025 959 2085 καὶ
978 2017 1019 2086 τὰ
1036 2016 1162 2111 ἀνδρῶν

244 2117 414 2208 πράττειν,
448 2116 534 2187 ἀλλὰ
565 2126 621 2187 καὶ
643 2125 805 2188 κοινωνεῖν
834 2116 884 2200 ὁῑς
909 2117 949 2188 ἂν
976 2118 1161 2209 βούλωνται

244 2225 308 2293 τῶν
325 2219 507 2306 ἐπηλύδων,
528 2219 567 2290 οὗ
587 2224 780 2312 μυρίζονται
794 2226 847 2301 δὲ,
869 2219 944 2291 οὐδὲ
960 2228 1090 2317 portiom
1104 2223 1163 2308 sip

245 2325 329 2423 ὄψιν
354 2322 556 2395 νοθεύονται
585 2337 647 2391 etc.
677 2330 708 2392 ολ
736 2329 770 2392 δὲ
798 2323 914 2418 ἄνδρες
949 2325 1162 2416 οτιβοὲζονται

245 2433 368 2513 ἐσθῆτι
380 2431 512 2526 μαλακῇ
533 2436 589 2497 καλ
608 2424 803 2521 ἀνθοβάφῳ
824 2433 981 2526 περιβολῇ
996 2445 1057 2496 etc.
1081 2435 1160 2516 Epi-

245 2535 378 2620 phanius
413 2536 488 2599 loco
517 2534 591 2598 iam
636 2533 762 2598 laudato
798 2535 882 2598 Nro.
927 2536 979 2597 10.
1034 2535 1162 2618 Ιίγλοιλς

174 2637 177 2642 ’
239 2635 403 2715 nominat,
440 2649 477 2702 ut
495 2649 538 2702 ·et
559 2638 753 2704 Bardesanes
783 2648 814 2698 et
845 2637 1065 2716 Ptolemaeus,
1103 2641 1161 2706 sed

247 2744 311 2806 hoc
331 2743 369 2806 iis
391 2738 550 2828 singulare
571 2739 698 2817 tribuit,
722 2751 757 2803 ut
771 2742 854 2824 apud
867 2741 955 2824 ipsos
971 2745 1003 2808 οὶ
1018 2740 1059 2809 τὰ
1074 2745 1162 2834 φαῦ-

96 2899 98 2906 ,
248 2850 290 2912 λα
313 2846 450 2935 δρῶντος
476 2841 560 2931 πρὸς
587 2844 650 2909 τῶν
680 2837 788 2928 νόμων
820 2839 940 2912 ἀυτῶν
959 2847 1163 2918 ἐπαινῶνται.

145 2990 149 2999 ·
251 2947 348 3012 Gelas
371 2948 492 3012 Plinius
521 2946 616 3010 Libr.
640 2946 703 3010 VI.
738 2943 820 3028 Cap.
843 2948 943 3012 XVI.
975 2948 1057 3012 iuter
1085 2953 1163 3016 alios

218 3107 228 3127 ,
251 3051 394 3132 Hyrcani
418 3051 511 3114 maris
534 3049 657 3113 accolas
684 3061 843 3126 numerat,
868 3072 949 3134 quros
966 3054 1082 3117 Graeci
1098 3053 1163 3120 Ca.

192 3165 214 3175 ''
252 3153 359 3216 dusios
381 3154 590 3234 appellarunt.
616 3153 712 3215 Gelas
732 3162 834 3214 tamen
857 3152 1035 3217 aCadusiis
1052 3157 1164 3220 ‹listin-

251 3256 320 3342 guit
342 3255 458 3319 Strabo
480 3256 574 3318 Libr.
598 3255 683 3332 XL,
708 3256 818 3318 ambos
839 3267 942 3319 tamen
965 3261 1003 3320 ad
1021 3261 1163 3340 Hyrcani

251 3380 307 3423 seu
337 3356 446 3438 Caspii
476 3357 570 3421 maris
604 3357 804 3435 orientalem,
850 3371 882 3421 et
915 3361 1014 3424 Tauri
1049 3365 1163 3428 montis

252 3459 528 3544 septentrionalem
559 3460 684 3544 plagam
714 3461 886 3525 coustituit.
933 3464 1163 3547 Theophanes,

253 3565 307 3648 qui
324 3560 472 3644 Pompeii
483 3573 584 3625 castra
597 3575 720 3626 secutus
738 3576 814 3644 erat,
832 3568 914 3646 apud
929 3569 1059 3630 eundem
1076 3570 1164 3634 Stra-

253 3670 386 3743 bonem,
412 3667 585 3746 eodemque
608 3663 690 3729 libro
706 3667 887 3730 Amazonas
909 3657 990 3732 inter
1011 3683 1042 3734 et
1063 3673 1164 3736 Alba·

253 3790 314 3833 nos
341 3769 479 3833 collocat
511 3771 531 3833 ,1
540 3763 622 3848 ’ήλας
653 3773 708 3834 καὶ
738 3765 877 3854 Λὴγας,
905 3793 990 3854 ¹quos
1024 3774 1166 3839 Zonaras

254 3872 414 3936 Tem-ll.
439 3871 548 3946 minus,
574 3883 607 3933 ut
630 3871 746 3953 opinor
767 3874 1166 3959 recte,1''e'llcecauisl›j.

251 3975 507 4061 praenominat.
539 3974 682 4059 Denique
706 3973 867 4042 Cedrenus
889 3999 963 4064 pag.
986 3979 1058 4046 127.
1083 3979 1165 4046 Cae·
