2804 4786
161 1317 163 1324 ’
279 1311 287 1344 l

280 359 341 426 332

361 531 424 595 sius
448 535 485 596 de
507 531 714 616 scriptoribus
737 529 822 596 Hist.
846 531 970 598 Phiios.
993 556 1027 617 p.
1051 533 1083 595 3.
1124 534 1279 612 (Schult-

364 637 460 712 hess.)

300 738 333 817 2)
357 731 452 823 Ἐγὼ
473 732 503 804 δ”
525 735 595 804 οὐκ
617 733 756 818 άίτιός
777 741 863 830 ε’·ιμι
884 739 969 819 ete]
992 740 1033 804 ΙΙ.
1053 737 1150 802 XIX:
1175 759 1209 800 v.
1225 737 1280 800 86.

364 861 456 924 50‘1‘1·
501 841 576 920 (0·)

739 980 770 1051 §.
793 974 825 1037 3.

301 1126 332 1208 i)
361 1121 636 1215 άναγκάζειν]
665 1131 689 1194 i.
711 1153 741 1196 e.
765 1131 943 1196 necessitati
963 1131 1134 1209 subiicere,
1159 1133 1218 1198 vei
1234 1133 1279 1196 di-

314 1243 317 1250 '
366 1251 438 1294 cere
461 1253 501 1295 ex
521 1235 705 1300 necessitate
720 1257 808 1306 esse.
838 1235 891 1299 Sic
914 1223 1103 1301 Aristoteles
1125 1238 1164 1299 de
1186 1237 1279 1300 coelo

362 1336 395 1400 οἱ
414 1338 584 1420 γεννῶντες
606 1335 663 1405 τὸν
685 1335 826 1430 οὐρανὸν
846 1362 907 1422 pro
929 1333 1116 1425 ἡγεννητὸν
1130 1342 1216 1407 ε’ῑναι
1230 1344 1279 1406 λέ-

286 1454 288 1458 ·
362 1433 474 1522 γοντες
496 1453 526 1502 et
548 1439 712 1504 Sallustius
735 1445 772 1506 de
794 1443 864 1506 Diis
892 1454 924 1506 et
946 1445 1070 1508 Mundo
1105 1441 1146 1512 G.
1178 1445 1277 1508 VIII.

252 1587 256 1594 -
362 1542 395 1606 οἱ
423 1539 479 1608 τὸν
507 1538 631 1631 κόσμον
662 1545 861 1636 φθείροντες
891 1546 914 1609 i.
944 1568 973 1610 e.
1007 1550 1040 1614 οἱ
1069 1542 1129 1614 εἰν
1156 1541 1281 1633 κόσμον

362 1635 526 1740 φθαρτὸν
546 1648 630 1713 ε’ῐναι
651 1649 806 1732 λέγοντες,
828 1648 883 1716 ubi
904 1648 975 1714 vide
998 1671 1078 1733 quae
1093 1651 1279 1716 observavi-

361 1767 430 1812 mus
451 1769 486 1830 p·
511 1750 584 1813 156.
607 1744 702 1836 λόγοι
724 1753 787 1818 τῶν
807 1747 916 1818 πάντα
943 1747 1135 1839 ἀναγκάζειν
1163 1778 1280 1844 πειρω-

360 1851 464 1934 μένων
485 1854 682 1937 sortitaque
704 1864 910 1938 argumenta
929 1858 1124 1920 necessitati
1149 1866 1278 1919 curseto

285 2018 287 2027 ,
360 1969 549 2036 supponere
570 1957 766 2023 volentium,
787 1955 839 2018 die
861 1953 995 2018 Gettnde·
1010 1954 1067 2017 der
1080 1953 1280 2034 rutatum,

362 2068 397 2118 ut
420 2055 538 2137 optime
559 2056 692 2120 reddidit
714 2053 957 2120 Schulthessius.
981 2054 1054 2133 (Ο.)
1096 2055 1276 2118 Transitum

362 2161 401 2222 sd
421 2159 629 2223 recentiorem
646 2160 728 2221 hane
750 2157 841 2222 verbi
862 2153 1056 2242 ἀναγκάζειν
1072 2155 1278 2242 significatio-

361 2282 433 2324 nem
454 2261 525 2326 fieri
547 2263 662 2344 opinor
681 2261 795 2330 inillis
817 2260 947 2325 Platon.
974 2253 1080 2344 Gorg.
1105 2267 1137 2336 ξ.
1161 2261 1216 2324 51.
1239 2259 1276 2327 οὐ

361 2359 426 2450 γάρ
447 2390 487 2451 με
508 2362 549 2430 οὐ
566 2361 774 2452 ἀναγκάζεις,
796 2363 974 2444 ubijSehol.
986 2363 1071 2424 haud
1085 2365 1184 2428 male:
1205 2371 1277 2442 ταῖς

285 2525 288 2550 ·.
363 2463 606 2546 ἀποδεικτικοῖς
626 2468 752 2559 πίστεσι
774 2468 928 2544 πείθοιμ’
955 2470 1113 2562 (Qospar.
1135 2469 1256 2553 Orell.)

281 2590 335 2672 2)
364 2590 399 2655 ἐι
431 2593 617 2678 usmete,
645 2590 794 2681 φησὶν]
829 2587 927 2652 conf.
951 2588 989 2650 de
1009 2588 1073 2650 hoe
1090 2601 1277 2672 argumento

366 2690 483 2758 Cicero
506 2695 543 2754 de
566 2693 647 2755 Fato
671 2689 753 2773 Cep.
776 2691 841 2754 IX.
870 2690 944 2770 (Ο.)
986 2690 1052 2753 Sub
1069 2690 1163 2754 finem
1183 2691 1279 2774 Capi·

363 2795 403 2857 tis
424 2814 486 2876 pro
509 2794 570 2860 ἐὶεε
590 2800 718 2886 sepem
739 2795 904 2878 legendum
926 2801 974 2856 'est
995 2805 1029 2856 ut
1049 2815 1084 2876 p.
1109 2795 1183 2858 160.
1206 2792 1279 2877 ἤτοι

364 2901 521 2986 θεριεῑς.,
543 2896 658 2980 (Oasp.
674 2898 791 2974 Orell.)

737 3062 767 3133 s.
792 3058 823 3156 ι.

303 3217 335 3295 1)
364 3218 433 3280 καὶ
453 3208 555 3304 ὑπὲρ
577 3209 1130 3304 εὴννοεράνίὁιότιγταεεο.]
1148 3215 1279 3279 Sensum

290 3363 294 3372 .
365 3319 537 3381 verborum
560 3317 677 3399 optime
699 3317 855 3398 expressit
877 3317 1109 3382 Schulthessius
1130 3331 1278 3381 vertens:

364 3420 463 3485 deren
483 3418 602 3484 Wesen
622 3422 696 3484 weit
718 3417 799 3483 ttber
824 3421 895 3483 alle
916 3409 1049 3485 Cloisen
1076 3419 1135 3483 der
1155 3421 1282 3485 Geister

292 3572 296 3584 ,
365 3524 445 3587 oder
462 3517 648 3584 densenden
667 3517 792 3599 Krttfte
813 3519 955 3583 erhaben
975 3524 1027 3584 ist.
1071 3521 1145 3599 (Ο.)

304 3624 453 3706 1ε)ιῆς
480 3623 569 3694 τοῖς
601 3615 723 3694 θεοῖς
751 3614 1039 3706 αροςηκοάσης
1070 3622 1283 3713 ἔμφρονος

366 3716 599 3814 ῥαστώνης]
643 3719 696 3782 Sic
731 3717 812 3786 edidi
840 3743 900 3803 pro
931 3725 988 3804 τῆς
1014 3727 1084 3801 τοῖς
1111 3728 1209 3802 θεοῖς
1236 3723 1283 3812 με)

363 3818 586 3920 προςηκοάοιγς
609 3821 768 3915 ἔκφρονος
789 3819 986 3914 ῥαοιτάνης.
1028 3827 1102 3907 (0.)

304 3935 337 4013 2)
364 3929 568 4014 βασιλέως
589 3921 732 4007 ἡλίου]
775 3927 825 3992 Its
848 3927 904 3992 Sol
927 3923 995 3994 κατ’
1020 3927 1131 4016 ἐξοχὴν
1148 3939 1287 3996 vocatur
