2828 4792
1126 401 1144 462 7

127 571 162 632 in
177 569 306 632 diversa
321 569 360 630 ab
382 567 448 630 aliis
470 568 647 631 discedunt.¹
676 567 795 648 [Quam
818 570 860 658 ob
883 589 950 632 rem
973 568 1141 634 Clazome-

127 673 203 736 nius
232 673 465 756 Anaxagoras',
511 693 688 756 quanquam
720 673 752 735 in
778 673 844 737 aliis
874 695 939 738 non
960 685 1140 758 postremus

128 801 245 844 eorum
278 779 333 862 qui
356 800 464 842 rernm
494 791 625 844 naturae
654 778 758 842 studio
790 777 983 852 incubuere,
1017 777 1053 840 'in
1081 779 1141 840 hac

124 897 164 946 re
187 881 291 945 videri
304 873 411 966 potest
428 883 522 946 iidem
536 903 601 948 non
617 883 748 957 mereri,
773 904 845 944 eum
857 881 1064 946 consentienti
1078 883 1139 954 ho·

124 987 249 1050 minum
269 990 308 1049 de
327 988 411 1052 Fato
428 986 626 1070 persuasioni
641 1007 675 1050 se
691 987 844 1051 obiectet.
890 987 947 1051 Ait
965 987 1047 1050 enim
1065 986 1138 1050 illc:

123 1091 207 1156 nihil
220 1093 307 1154 Fato
324 1089 395 1154 lieri
417 1113 530 1154 eornm
556 1109 636 1174 quae
657 1091 756 1154 fiunt:
795 1094 850 1154 sed
866 1091 958 1154 inane
983 1093 1047 1154 boc
1069 1112 1138 1155 esse

124 1196 276 1275 nomem]
308 1195 393 1276 Quid
409 1216 488 1258 vero
505 1193 545 1258 sit
563 1196 678 1258 Fatum
693 1199 725 1256 et
737 1194 853 1277 ‹pribns
870 1194 903 1256 in
918 1198 1013 1258 rebus
1030 1195 1149 1271 situm,

121 1299 164 1362 id·
176 1319 246 1362 non
270 1319 369 1381 aeque
385 1299 565 1381 expcditum
580 1309 640 1362 cst.
685 1296 767 1361 llam
788 1299 853 1362 hoc
871 1297 974 1380 ipsum
988 1320 1053 1362 non
1067 1321 1137 1363 mo-

120 1407 164 1467 do
193 1425 262 1466 ¹non
289 1403 432 1467 homines
464 1403 517 1466 alii
546 1403 632 1478 aliis,
677 1404 734 1464 scd
771 1423 832 1464 nco
861 1401 931 1484 ipsa
963 1402 1136 1466 communis

120 1507 295 1590 praenotio
320 1507 395 1571 satis
421 1507 573 1591 explieat.
616 1507 689 1570 Imo
709 1526 774 1568 non
795 1514 915 1568 tantum
935 1528 1001 1569 uon
1026 1527 1134 1569 omncs

120 1611 296 1687 omnibus,
320 1614 377 1674 sed
398 1633 457 1673 nec
481 1610 598 1696 singuli
626 1609 751 1700 sibimet
779 1609 855 1691 ipsis
877 1613 1002 1692 semper
1026 1609 1135 1672 eadem

120 1717 185 1777 hac
204 1717 244 1777 de
264 1735 301 1776 re
316 1714 466 1777 sentiunt.
510 1716 594 1776 Nam
611 1725 709 1796 prout
727 1723 798 1776 sunt
815 1709 963 1794 tempori
981 1733 1135 1794 casusque

120 1839 252 1894 rerrnn,
289 1817 334 1880 ita
359 1817 476 1902 singuli
498 1819 536 1880 de
559 1819 643 1882 Fato
665 1816 848 1899 opinionem
872 1828 1005 1880 mutans
1071 1815 1136 1896 Qni

121 1933 241 1984 crincta
258 1923 343 1984 Fato
366 1934 494 1984 censent
516 1921 605 1998 lieri,
629 1921 658 1984 ii·
672 1943 731 2002 per
749 1921 864 1982 Fatum
877 1941 1003 1984 causam
1020 1919 1134 1984 intelli·

121 2035 204 2108 gunt
217 2024 434 2087 inevitabilem
452 2037 545 2107 atque
561 2024 827 2088 inextricabilem.
852 2023 930 2086 Sunt
950 2022 1002 2085 alii
1020 2022 1133 2106 quibus

118 2149 189 2190 non
218 2127 324 2192 omnia
351 2127 499 2190 videntur
522 2129 606 2190 Fato
637 2125 724 2202 lieri,
763 2127 880 2208 quique
912 2147 1024 2188 eorum
1053 2146 1134 2208 qnae

120 2232 204 2294 liunt
234 2229 327 2294 etiam
356 2231 430 2294 alias
463 2251 574 2294 causas
596 2251 665 2293 esse
687 2229 883 2305 existimant,
922 2249 1025 2311 neque
1054 2249 1134 2292 vero

118 2337 209 2398 Fato
236 2344 349 2415 putant
377 2333 441 2397 vim
472 2335 557 2398 illam
588 2334 691 2397 inesse
719 2333 932 2414 praefractam
962 2343 1057 2415 atque
1084 2332 1133 2394 in-

117 2437 355 2520 superabilem:
379 2441 435 2500 sed
453 2449 484 2502 et
506 2441 657 2521 ‹pracdam
675 2459 786 2500 eorum
807 2457 888 2518 qtiae
901 2447 1033 2517 possent
1048 2435 1132 2499 Fato

117 2540 211 2615 lieri,
236 2545 301 2603 non
316 2540 496 2617 iieriFato,
521 2545 594 2617 scd,
618 2553 653 2603 ut
668 2543 784 2622 poe'tac
798 2541 990 2622 loquuntur,
1016 2551 1133 2602 extra

118 2655 282 2708 sortem
303 2645 531 2728 fatumque.
561 2647 640 2708 Sunt
658 2644 732 2707 item
748 2643 802 2726 qui
816 2655 891 2704 tuno
905 2641 1039 2704 maxime
1055 2663 1131 2704 cun-

119 2761 172 2810 cta
191 2748 277 2810 Fato
292 2747 345 2832 agi
359 2747 555 2824 existimant,
580 2770 651 2839 cnm
670 2752 804 2810 adversa
817 2745 893 2828 ipsis
909 2746 965 2808 lla't
978 2746 1131 2808 fortuna:

118 2864 149 2914 et
174 2851 269 2912 iidem
290 2862 394 2914 tamen
416 2873 488 2914 cunr
505 2873 586 2934 qnae
607 2863 763 2915 conantur
782 2869 939 2932 prospere
964 2849 1040 2930 ipsis
1056 2869 1132 2911 eve-

119 2955 234 3029 niunt,
272 2966 372 3017 semet
394 2975 506 3018 eorum
523 2973 852 3018 successuumoausas
875 2952 985 3014 haberi
1002 2952 1127 3027 volunt,
1160 2977 1168 2988 ·

120 3057 213 3140 qnasi
238 3077 304 3120 non
326 3069 524 3138 proventura
545 3059 663 3120 fuerint
688 3077 725 3119 ea
747 3075 826 3138 miae
847 3073 1044 3136 provenere,
1070 3053 1130 3118 nisi

119 3161 182 3242 ipsi
203 3159 250 3223 sic
272 3172 304 3224 et
328 3169 394 3224 non
419 3161 509 3224 aliter
535 3161 691 3245 egissent,
729 3161 817 3242 qnod
833 3157 865 3220 in
882 3157 1025 3239 ipsorum
1044 3158 1130 3220 arbi-

119 3264 185 3326 trio
203 3262 301 3326 fuerit
322 3263 395 3326 talia
415 3285 481 3326 non
497 3285 605 3348 agere.
633 3262 757 3344 Quare
782 3263 814 3324 in
836 3273 922 3324 tanta
946 3260 1129 3342 opinionum

120 3366 316 3430 dissonantia
337 3368 431 3451 (ligna
447 3377 493 3428 est
507 3366 706 3449 pbilosophis
722 3365 865 3448 quiaestio
888 3367 925 3425 de
941 3365 1041 3438 Fato,
1065 3384 1131 3425 non

122 3491 161 3530 an
184 3466 244 3544 sit,
283 3471 339 3530 sed
360 3468 436 3552 quid
457 3467 515 3542 sit,
550 3468 727 3550 qiribrisque
752 3468 784 3532 in
806 3469 901 3531 rebus
923 3487 1004 3548 quae
1030 3466 1127 3542 fiunt,

121 3583 175 3635 aut
198 3571 374 3648 exsistunt,
397 3572 463 3636 uim
485 3592 572 3636 snam
594 3585 731 3636 exserat.

526 3831 738 3846 m
