2828 4792
272 416 313 483 44

227 679 228 684 ¹
266 590 381 674 λίθου,
395 587 438 658 τά
452 593 489 658 δὲ
502 586 566 656 ύττό
580 586 684 680 πυρὸς
694 582 781 656 κατά
796 584 854 671 τὴν
868 584 981 680 τιυρίις,
997 594 1053 657 καὶ
1063 584 1177 656 τάύτιό
1187 584 1273 670 ζώσει

267 691 352 760 κατὰ
364 690 423 776 τὴν
434 687 517 774 ζώου
528 693 574 774 5)·
602 691 831 780 ούδὲνομὲν
788 716 849 760 των
863 691 948 760 κατὰ
962 691 1022 776 τὴν
1033 690 1155 761 οἰκείαν
1169 689 1272 786 φύσιν

264 793 320 890 ὑφ’
329 793 467 864 ἑκάστου
481 799 656 884 γινομένων
667 791 843 866 δύνασθον
843 822 963 918 φασιν
972 793 1112 876 άλλως”
1093 822 1184 886 εχειν,
1198 793 1268 866 ἄλλ

266 905 405 969 ἕκαστον
438 901 503 968 τών
536 903 713 1022 γινομένων
744 895 795 967 ύτι
833 896 941 968 ἆυτών
974 901 1141 1028 γίνεσθαι
1171 925 1272 983 κατη-

264 1007 511 1090 ναγκασμένως,
543 999 612 1069 κατ’
636 997 797 1090 ἀνάγκην,
827 999 866 1070 ού
888 1001 946 1086 τὴν
967 1006 1002 1070 ἐκ
1022 1004 1116 1090 βίας,
1144 1000 1253 1071 ἀλλ”
1236 1029 1275 1070 εκ

263 1109 325 1173 τοῦ
344 1104 391 1194 μὴ
413 1103 587 1174 δύνασθαι
608 1102 646 1172 τὸ
667 1103 713 1193 μὴ
735 1102 881 1196 πεφυκὸς
903 1099 950 1188 ⁶),
972 1102 1076 1185 ὁύτως
1090 1104 1193 1175 ὄντων
1208 1109 1272 1175 τῶν

263 1206 484 1301 περιεστώτων
512 1203 691 1291 τοιούτων,
724 1203 767 1288 ώς
789 1205 953 1277 ἀδύνατον
973 1211 1002 1290 ⁷)
1031 1206 1121 1303 άυτῷ
1147 1206 1194 1298 μὴ
1215 1235 1271 1277 ιτε-

263 1316 453 1400 ριεστάναι,
489 1318 545 1380 καὶ
573 1308 736 1382 ἀδύνατον
765 1311 794 1394 8)
823 1308 909 1394 τό,τε
931 1309 1039 1392 άλλως
1059 1315 1127 1392 πώς
1148 1311 1271 1401 καὶμὴ

263 1410 348 1483 ὁύτω
370 1417 563 1499 κινηθῆναι.
604 1411 700 1497 Μήτι
721 1412 786 1507 γάρ
808 1412 866 1483 τὸν
887 1416 990 1483 λίθον
1018 1418 1045 1484 έι
1071 1413 1138 1483 άιιό
1160 1408 1271 1510 ύψους

262 1516 410 1613 ἀφεθείη
438 1516 547 1600 τινὸς,
576 1515 749 1587 δύνασθαι
770 1514 816 1606 μὴ
839 1521 1009 1612 φέρεσθαι
1031 1514 1136 1600 κάτω,
1171 1522 1270 1639 μηδε-

259 1621 317 1701 νὸς
339 1623 585 1712 ἐμποδίζοντος,
627 1622 674 1714 τῷ
701 1616 875 1740 βαρύτητα
909 1621 1015 1708 μέν’
996 1637 1078 1710 εχειν
1106 1618 1208 1690 άυτὸν
1236 1625 1271 1724 έν

242 1722 370 1818 ’άυτῷ,
406 1721 529 1846 ταύτην
557 1719 631 1792 6²³
615 1729 698 1792 εἶναι
726 1725 785 1806 τῆς
813 1719 970 1806 τοιαύτης
991 1720 1165 1847 κινήσεως
1184 1703 1271 1792 κατά

261 1825 364 1922 φύσιν
385 1820 479 1911 9),‘'
459 1853 541 1897 οταν
562 1833 618 1896 καὶ
637 1854 681 1895 τα
702 1825 868 1910 ἔξωθεν
848 1830 942 1895 αίτια
961 1825 1006 1897 τά
1025 1826 1109 1923 πρὸς
1129 1825 1189 1911 τὴν
1209 1853 1270 1895 κα·

259 1928 302 1998 τά
324 1927 427 2026 φύσιν
448 1932 572 2015 κίνησιν
593 1931 640 2024 τῷ
661 1933 752 2022 λίθῳ
782 1933 999 2000 συντελοῦντα
1031 1935 1136 2027 παρῇ,
1173 1927 1216 2011 ώς
1236 1933 1272 2013 ἐξ

260 2029 405 2122 άνάγιεης
426 2039 470 2117 ¹⁰)
492 2033 689 2117 τὸνλίθον,
727 2032 770 2116 ώς
791 2039 932 2130 πέφυκε,
967 2040 1154 2132 φέρεσθαι,
1185 2033 1269 2105 πάν-

257 2163 322 2217 τως
342 2133 371 2206 ὅ
394 2133 484 2232 άυτῷ
505 2145 560 2207 καὶ
582 2140 615 2221 ἐξ
635 2135 779 2226 ἀνάγκης
798 2145 951 2230 παρεῖναι
972 2143 1079 2208 ταῦτα
1099 2137 1146 2208 τά
1164 2136 1269 2220 σίίτια,

257 2238 297 2310 δι’
328 2236 352 2308 ύί
379 2249 515 2310 κινεῖται
542 2236 637 2323 τότε,
674 2239 712 2311 ού
743 2236 848 2362 μόνον
877 2240 924 2329 μὴ
947 2245 1130 2372 ὃυνμμένρι·
1147 2246 1187 2324 ¹¹)
1219 2247 1269 2366 μὴ

197 2401 200 2406 ,
258 2348 462 2413 κινεῖσθαιι
464 2342 643 2425 2)τούτων
662 2340 835 2474 παρόντων
856 2347 915 2427 1³),
937 2342 1024 2414 ἄλλά
1043 2351 1098 2413 και
1119 2341 1185 2428 έξ’
1165 2342 1269 2434 ανάγ-

257 2474 316 2530 κης
336 2451 507 2517 κινεῖσθαι
528 2443 619 2531 τότε,
651 2453 708 2516 καὶ
727 2449 885 2546 γίνεσθαι
907 2447 971 2531 τὴν
992 2445 1151 2533 τοιαύτην
1179 2451 1268 2532 κίνη-

257 2575 311 2619 σιν
331 2548 396 2618 ύτιὸ
418 2575 476 2634 της
497 2553 708 2643 έιμαρμένης,
738 2549 794 2618 διά
816 2555 877 2620 τοῦ
899 2537 1013 2620 λίθου.
1052 2548 1185 2621 ‘05²³
1166 2551 1269 2672 αυτὸς

257 2659 312 2720 καὶ
344 2657 395 2721 επὶ
426 2656 490 2722 τών
522 2652 630 2722 ἄλλων
662 2651 779 2742 λόγος·
816 2651 859 2734 ὡς
891 2658 926 2722 δὲ
911 2658 1006 2723 ὲέτιὶ
1034 2657 1098 2723 τών
1126 2651 1267 2750 ἀψύχων

255 2757 335 2845 ἔχει,
367 2753 470 2836 ὀύτως
491 2763 546 2824 καὶ
568 2759 703 2826 ἐπὶτῶν
725 2753 813 2840 ζώων
834 2757 917 2846 ἔχειν
938 2758 1058 2852 φασίν·
1095 2760 1178 2826 έῖναι
1200 2753 1266 2846 γάρ

254 2885 329 2926 τινα
351 2867 406 2929 καὶ
434 2866 503 2938 τοῖς
536 2856 630 2942 ζώοις
658 2862 783 2942 κίνησιν
810 2857 897 2927 κατὰ
928 2855 1050 2953 φύσιν,
1086 2857 1208 2943 ταύτην
1235 2855 1264 2928 δ’

273 2968 287 2984 ,
386 2960 393 2980 .
511 2959 521 2983 ,
553 2960 562 2980 ι
618 2961 626 2982 .
851 2979 853 2984 ,
1237 2959 1245 2980 ι

252 3091 370 3156 μενον,
403 3072 573 3136 κινεῖσθαι
601 3062 682 3134 καθ’
712 3062 818 3158 ὁρμὴν
844 3067 969 3148 κίνησιν
991 3064 1048 3133 διὰ
1070 3068 1127 3148 τῆς
1149 3070 1264 3156 έιμαρ-

251 3173 350 3259 μένης
371 3167 427 3237 διά
455 3166 539 3252 ζώου
561 3173 740 3258 γινομένην.
788 3164 890 3236 Ὁύτω
906 3163 948 3234 ’δὲ
969 3163 1093 3237 τούτων
1114 3165 1263 3258 έχύντωυι

253 3278 309 3340 καὶ
340 3275 516 3361 γινομένων
546 3269 611 3340 ὑπὸ
642 3275 701 3354 τῆς
734 3273 927 3362 έιμαρμένης
955 3267 1110 3354 κινήσεών
1137 3297 1172 3340 τε
1204 3278 1262 3340 καὶ

252 3377 415 3469 ἐνεργειῶν
443 3377 477 3444 έν
508 3375 554 3466 τῷ
582 3370 712 3467 κὸομρη
745 3375 810 3440 τών
837 3381 898 3463 μὲν
926 3372 983 3442 διώ
1006 3376 1083 3460 γῆς,
1110 3371 1152 3448 ἂν
1174 3370 1260 3442 ὁύτω

251 3475 348 3575 τύχη,
369 3480 432 3547 τών
454 3482 490 3546 δὲ
512 3475 551 3545 δι’
576 3475 688 3568 ἀέρος,
709 3479 775 3543 τών
795 3479 831 3544 δὲ
853 3475 910 3545 διά
931 3473 1035 3568 πυρὸς
1057 3471 1122 3559 ¹⁴),
1144 3480 1208 3546 τῶν
1223 3481 1260 3545 δέ

251 3578 290 3648 δι’
313 3579 418 3649 ἄλλον
446 3577 551 3662 τινὸς,
587 3582 763 3666 γινομένων
792 3581 828 3646 δὲ
855 3580 951 3646 τινών
982 3586 1038 3647 καὶ
1066 3579 1123 3648 διὰ
1153 3576 1260 3662 ζώων,

251 3685 425 3766 (τοιαῦται
451 3687 487 3751 δὲ
514 3686 551 3748 αἱ
579 3677 659 3749 καθ’
686 3673 794 3773 1ὁρμὴν
825 3679 985 3767 κινήσειςῐ)
1005 3681 1082 3763 ’τάς
1111 3681 1167 3752 διά
1193 3688 1260 3756 τ’ών

250 3784 354 3870 ζώων,
389 3784 454 3855 ὑπὸ
483 3787 541 3867 τῆς
567 3787 761 3876 έιμαρμένης
793 3788 965 3873 γινομένας
993 3789 1044 3854 έτιὶ
1071 3793 1142 3866 τοῖς
1163 3785 1259 3870 ζώοις

250 3895 332 3959 έῖναι
355 3893 514 3977 λέγουσιν.
552 3883 691 3977 Ὁμοίως
713 3891 748 3955 δὲ
771 3884 814 3966 ώς
835 3886 916 3979 πρὸς
931 3885 970 3955 τὸ
985 3885 1167 3976 ἀναγκαῖον
1185 3901 1259 3972 τοῖς

248 3992 362 4070 ἄλλοις
384 3995 557 4078 γινομένας
578 3982 700 4074 άαασι,
737 3993 783 4082 τῷ
804 3993 870 4060 δεῖν
891 3998 1037 4071 καὶτοῖς
1060 3994 1092 4075 ἐξ
1112 3990 1259 4081 ἀνάγκης
