<?xml version="1.0" encoding="UTF-8"?>
<!DOCTYPE html PUBLIC "-//W3C//DTD XHTML 1.0 Transitional//EN"
    "http://www.w3.org/TR/xhtml1/DTD/xhtml1-transitional.dtd">
<html xmlns="http://www.w3.org/1999/xhtml" xml:lang="en" lang="en">
 <head>
  <title>
</title>
<meta http-equiv="Content-Type" content="text/html;charset=utf-8" />
  <meta name='ocr-system' content='tesseract 3.04.00' />
  <meta name='ocr-capabilities' content='ocr_page ocr_carea ocr_par ocr_line ocrx_word'/>
</head>
<body>
  <div class='ocr_page' id='page_1' title='image "./alexandriaphrod01bardgoog_0257.png"; bbox 0 0 2758 4790; ppageno 0'>
   <div class='ocr_carea' id='block_1_1' title="bbox 165 358 343 472">
    <p class='ocr_par' dir='ltr' id='par_1_1' title="bbox 165 358 343 472">
     <span class='ocr_line' id='line_1_1' title="bbox 165 358 343 472; baseline -0.006 -27"><span class='ocrx_word' id='word_1_1' title='bbox 165 453 169 472; x_wconf 54' lang='lat'>‚</span> <span class='ocrx_word' id='word_1_2' title='bbox 253 358 343 446; x_wconf 78' lang='grc' dir='ltr'><strong><em>τιν’</em></strong></span> 
     </span>
    </p>
   </div>
   <div class='ocr_carea' id='block_1_2' title="bbox 215 535 1320 4056">
    <p class='ocr_par' dir='ltr' id='par_1_2' title="bbox 254 535 1101 732">
     <span class='ocr_line' id='line_1_2' title="bbox 255 535 1101 626; baseline -0.005 -18"><span class='ocrx_word' id='word_1_3' title='bbox 255 607 260 620; x_wconf 85' lang='grc'><strong><em>,</em></strong></span> <span class='ocrx_word' id='word_1_4' title='bbox 359 541 543 626; x_wconf 65' lang='grc' dir='ltr'><strong><em>Ἄγονδέρί</em></strong></span> <span class='ocrx_word' id='word_1_5' title='bbox 568 535 837 624; x_wconf 70' lang='grc' dir='ltr'><strong><em>ώκεύ,καίούγ”</em></strong></span> <span class='ocrx_word' id='word_1_6' title='bbox 860 541 1101 626; x_wconf 76' lang='grc' dir='ltr'><strong><em>ἦκτπρωμένη,</em></strong></span> 
     </span>
     <span class='ocr_line' id='line_1_3' title="bbox 254 643 1040 732; baseline -0.008 -21"><span class='ocrx_word' id='word_1_7' title='bbox 254 709 257 716; x_wconf 88' lang='grc'><strong><em>,</em></strong></span> <span class='ocrx_word' id='word_1_8' title='bbox 361 644 448 710; x_wconf 63' lang='lat' dir='ltr'><strong><em>‘Onon</em></strong></span> <span class='ocrx_word' id='word_1_9' title='bbox 466 643 537 710; x_wconf 80' lang='grc' dir='ltr'><strong><em>ποθ</em></strong></span> <span class='ocrx_word' id='word_1_10' title='bbox 560 646 635 728; x_wconf 85' lang='grc' dir='ltr'><strong><em>ὑμῖν</em></strong></span> <span class='ocrx_word' id='word_1_11' title='bbox 653 643 716 726; x_wconf 83' lang='grc' dir='ltr'><strong><em>εἰμί</em></strong></span> <span class='ocrx_word' id='word_1_12' title='bbox 734 643 1040 732; x_wconf 57' lang='grc' dir='ltr'><strong><em>διατεταγμένους).</em></strong></span> 
     </span>
    </p>

    <p class='ocr_par' dir='ltr' id='par_1_3' title="bbox 215 743 1320 4049">
     <span class='ocr_line' id='line_1_4' title="bbox 254 743 1261 845; baseline 0 -25"><span class='ocrx_word' id='word_1_13' title='bbox 254 747 412 845; x_wconf 79' lang='grc' dir='ltr'><strong><em>Πρὸς</em></strong></span> <span class='ocrx_word' id='word_1_14' title='bbox 437 753 473 818; x_wconf 77' lang='grc' dir='ltr'><strong><em>δέ</em></strong></span> <span class='ocrx_word' id='word_1_15' title='bbox 502 743 633 830; x_wconf 85' lang='grc' dir='ltr'><strong><em>τούτοις</em></strong></span> <span class='ocrx_word' id='word_1_16' title='bbox 654 754 710 818; x_wconf 76' lang='grc' dir='ltr'><strong><em>καὶ</em></strong></span> <span class='ocrx_word' id='word_1_17' title='bbox 742 751 920 844; x_wconf 77' lang='grc' dir='ltr'><strong><em>φαίνονται</em></strong></span> <span class='ocrx_word' id='word_1_18' title='bbox 953 745 1197 842; x_wconf 82' lang='grc' dir='ltr'><strong><em>ἀπατταπαχοά</em></strong></span> <span class='ocrx_word' id='word_1_19' title='bbox 1217 749 1261 820; x_wconf 80' lang='grc' dir='ltr'><strong><em>τά</em></strong></span> 
     </span>
     <span class='ocr_line' id='line_1_5' title="bbox 215 805 1263 976; baseline -0.002 -52"><span class='ocrx_word' id='word_1_20' title='bbox 215 871 229 884; x_wconf 92' lang='grc'><em>·</em></span> <span class='ocrx_word' id='word_1_21' title='bbox 252 805 453 944; x_wconf 80' lang='grc' dir='ltr'><strong><em>δόγματα’</em></strong></span> <span class='ocrx_word' id='word_1_22' title='bbox 437 857 519 922; x_wconf 84' lang='grc' dir='ltr'><strong><em>εἶναι</em></strong></span> <span class='ocrx_word' id='word_1_23' title='bbox 548 849 592 920; x_wconf 86' lang='grc' dir='ltr'><strong><em>τά</em></strong></span> <span class='ocrx_word' id='word_1_24' title='bbox 623 855 777 922; x_wconf 79' lang='grc' dir='ltr'><strong><em>κινοῦντα</em></strong></span> <span class='ocrx_word' id='word_1_25' title='bbox 805 848 894 942; x_wconf 76' lang='grc' dir='ltr'><strong><em>ἡμᾶς</em></strong></span> <span class='ocrx_word' id='word_1_26' title='bbox 929 854 1170 976; x_wconf 77' lang='grc' dir='ltr'><strong><em>θρνλλούντες,</em></strong></span> <span class='ocrx_word' id='word_1_27' title='bbox 1205 860 1263 924; x_wconf 60' lang='grc' dir='ltr'><strong><em>καὶ</em></strong></span> 
     </span>
     <span class='ocr_line' id='line_1_6' title="bbox 253 949 1265 1049; baseline -0.001 -22"><span class='ocrx_word' id='word_1_28' title='bbox 253 964 323 1038; x_wconf 88' lang='grc' dir='ltr'><strong><em>τοῖς</em></strong></span> <span class='ocrx_word' id='word_1_29' title='bbox 341 960 533 1049; x_wconf 76' lang='grc' dir='ltr'><strong><em>μοχθηροῖς</em></strong></span> <span class='ocrx_word' id='word_1_30' title='bbox 553 953 599 1046; x_wconf 81' lang='grc' dir='ltr'><strong><em>μὴ</em></strong></span> <span class='ocrx_word' id='word_1_31' title='bbox 617 949 827 1046; x_wconf 83' lang='grc' dir='ltr'><strong><em>χαλεπαινειν</em></strong></span> <span class='ocrx_word' id='word_1_32' title='bbox 848 949 1082 1041; x_wconf 67' lang='grc' dir='ltr'><strong><em>16)ξιονσιν,</em></strong></span> <span class='ocrx_word' id='word_1_33' title='bbox 1116 949 1175 1026; x_wconf 84' lang='grc' dir='ltr'><strong><em>ύίτε</em></strong></span> <span class='ocrx_word' id='word_1_34' title='bbox 1195 953 1265 1028; x_wconf 87' lang='grc' dir='ltr'><strong><em>ἀπό</em></strong></span> 
     </span>
     <span class='ocr_line' id='line_1_7' title="bbox 252 1049 1265 1182; baseline 0.002 -52"><span class='ocrx_word' id='word_1_35' title='bbox 252 1063 316 1130; x_wconf 81' lang='grc' dir='ltr'><strong><em>τῶν</em></strong></span> <span class='ocrx_word' id='word_1_36' title='bbox 336 1053 510 1152; x_wconf 88' lang='grc' dir='ltr'><strong><em>δογμάτων</em></strong></span> <span class='ocrx_word' id='word_1_37' title='bbox 530 1053 808 1182; x_wconf 71' lang='grc' dir='ltr'><strong><em>ἀναγκαζομένοις</em></strong></span> <span class='ocrx_word' id='word_1_38' title='bbox 828 1087 918 1130; x_wconf 89' lang='grc' dir='ltr'><strong><em>κακα</em></strong></span> <span class='ocrx_word' id='word_1_39' title='bbox 902 1057 1031 1182; x_wconf 78' lang='grc' dir='ltr'><strong><em>δρᾷν,</em></strong></span> <span class='ocrx_word' id='word_1_40' title='bbox 1052 1065 1109 1130; x_wconf 85' lang='grc' dir='ltr'><strong><em>και</em></strong></span> <span class='ocrx_word' id='word_1_41' title='bbox 1123 1049 1265 1132; x_wconf 66' lang='grc' dir='ltr'><strong><em>ἀνύουσιν</em></strong></span> 
     </span>
     <span class='ocr_line' id='line_1_8' title="bbox 252 1157 1267 1286; baseline 0.001 -53"><span class='ocrx_word' id='word_1_42' title='bbox 252 1158 543 1286; x_wconf 71' lang='grc' dir='ltr'><strong><em>ἐξαμαρτάνουσιν.</em></strong></span> <span class='ocrx_word' id='word_1_43' title='bbox 595 1157 647 1233; x_wconf 84' lang='grc' dir='ltr'><strong><em>Ἕν</em></strong></span> <span class='ocrx_word' id='word_1_44' title='bbox 677 1160 743 1258; x_wconf 87' lang='grc' dir='ltr'><strong><em>γάρ</em></strong></span> <span class='ocrx_word' id='word_1_45' title='bbox 770 1159 924 1253; x_wconf 77' lang='grc' dir='ltr'><strong><em>δόγματα</em></strong></span> <span class='ocrx_word' id='word_1_46' title='bbox 952 1160 1043 1254; x_wconf 74' lang='grc' dir='ltr'><strong><em>ἡμᾶς</em></strong></span> <span class='ocrx_word' id='word_1_47' title='bbox 1067 1170 1169 1250; x_wconf 80' lang='grc' dir='ltr'><strong><em>κινεῖ,</em></strong></span> <span class='ocrx_word' id='word_1_48' title='bbox 1202 1161 1267 1234; x_wconf 83' lang='grc' dir='ltr'><strong><em>σύν</em></strong></span> 
     </span>
     <span class='ocr_line' id='line_1_9' title="bbox 251 1261 1267 1392; baseline 0 -54"><span class='ocrx_word' id='word_1_49' title='bbox 251 1263 378 1362; x_wconf 77' lang='grc' dir='ltr'><strong><em>ἀνάγκῃ</em></strong></span> <span class='ocrx_word' id='word_1_50' title='bbox 406 1261 512 1350; x_wconf 79' lang='grc' dir='ltr'><strong><em>δήπου</em></strong></span> <span class='ocrx_word' id='word_1_51' title='bbox 532 1271 596 1388; x_wconf 76' lang='grc' dir='ltr'><strong><em>καὶ</em></strong></span> <span class='ocrx_word' id='word_1_52' title='bbox 624 1271 713 1338; x_wconf 84' lang='grc' dir='ltr'><strong><em>κινεῖ.</em></strong></span> <span class='ocrx_word' id='word_1_53' title='bbox 754 1269 827 1338; x_wconf 77' lang='grc' dir='ltr'><strong><em>Καὶ</em></strong></span> <span class='ocrx_word' id='word_1_54' title='bbox 855 1261 1001 1337; x_wconf 87' lang='grc' dir='ltr'><strong><em>Πλάτων</em></strong></span> <span class='ocrx_word' id='word_1_55' title='bbox 1028 1270 1065 1337; x_wconf 82' lang='grc' dir='ltr'><strong><em>δὲ</em></strong></span> <span class='ocrx_word' id='word_1_56' title='bbox 1092 1267 1267 1392; x_wconf 78' lang='grc' dir='ltr'><strong><em>πανταχοῦ</em></strong></span> 
     </span>
     <span class='ocr_line' id='line_1_10' title="bbox 252 1363 1269 1468; baseline 0.002 -28"><span class='ocrx_word' id='word_1_57' title='bbox 252 1371 408 1468; x_wconf 78' lang='grc' dir='ltr'><strong><em>φαίνεται</em></strong></span> <span class='ocrx_word' id='word_1_58' title='bbox 436 1365 496 1442; x_wconf 83' lang='grc' dir='ltr'><strong><em>σύν</em></strong></span> <span class='ocrx_word' id='word_1_59' title='bbox 522 1363 649 1466; x_wconf 86' lang='grc' dir='ltr'><strong><em>ἀνάγκῃ</em></strong></span> <span class='ocrx_word' id='word_1_60' title='bbox 680 1368 741 1455; x_wconf 79' lang='grc' dir='ltr'><strong><em>τὴν</em></strong></span> <span class='ocrx_word' id='word_1_61' title='bbox 768 1367 881 1466; x_wconf 81' lang='grc' dir='ltr'><strong><em>ψυχὴν</em></strong></span> <span class='ocrx_word' id='word_1_62' title='bbox 907 1367 1129 1461; x_wconf 80' lang='grc' dir='ltr'><strong><em>ἀιρτῖσθαι’</em></strong></span> <span class='ocrx_word' id='word_1_63' title='bbox 1114 1363 1184 1439; x_wconf 77' lang='grc' dir='ltr'><strong><em>ἀντ’</em></strong></span> <span class='ocrx_word' id='word_1_64' title='bbox 1222 1367 1269 1442; x_wconf 78' lang='grc' dir='ltr'><strong><em>ἀν</em></strong></span> 
     </span>
     <span class='ocr_line' id='line_1_11' title="bbox 251 1467 1269 1596; baseline 0.002 -54"><span class='ocrx_word' id='word_1_65' title='bbox 251 1469 396 1568; x_wconf 86' lang='grc' dir='ltr'><strong><em>ἀιρεῖται</em></strong></span> <span class='ocrx_word' id='word_1_66' title='bbox 426 1469 541 1558; x_wconf 81' lang='grc' dir='ltr'><strong><em>ἀξιῶν·</em></strong></span> <span class='ocrx_word' id='word_1_67' title='bbox 576 1469 619 1542; x_wconf 85' lang='grc' dir='ltr'><strong><em>τά</em></strong></span> <span class='ocrx_word' id='word_1_68' title='bbox 647 1467 723 1544; x_wconf 74' lang='grc' dir='ltr'><strong><em>δ’</em></strong></span> <span class='ocrx_word' id='word_1_69' title='bbox 707 1499 740 1543; x_wconf 89' lang='grc' dir='ltr'><strong><em>εν</em></strong></span> <span class='ocrx_word' id='word_1_70' title='bbox 768 1499 839 1556; x_wconf 81' lang='grc' dir='ltr'><strong><em>τοις</em></strong></span> <span class='ocrx_word' id='word_1_71' title='bbox 861 1469 1033 1564; x_wconf 80' lang='grc' dir='ltr'><strong><em>μύθοις’</em></strong></span> <span class='ocrx_word' id='word_1_72' title='bbox 1013 1475 1119 1544; x_wconf 79' lang='grc' dir='ltr'><strong><em>αυτοῦ</em></strong></span> <span class='ocrx_word' id='word_1_73' title='bbox 1140 1470 1181 1550; x_wconf 78' lang='grc' dir='ltr'><strong><em>οὐ</em></strong></span> <span class='ocrx_word' id='word_1_74' title='bbox 1199 1471 1269 1596; x_wconf 74' lang='grc' dir='ltr'><strong><em>χρὴ</em></strong></span> 
     </span>
     <span class='ocr_line' id='line_1_12' title="bbox 252 1568 1268 1672; baseline 0 -25"><span class='ocrx_word' id='word_1_75' title='bbox 252 1573 296 1658; x_wconf 81' lang='grc' dir='ltr'><strong><em>ὥς</em></strong></span> <span class='ocrx_word' id='word_1_76' title='bbox 317 1573 356 1646; x_wconf 80' lang='grc' dir='ltr'><strong><em>δι’</em></strong></span> <span class='ocrx_word' id='word_1_77' title='bbox 379 1568 601 1670; x_wconf 72' lang='grc' dir='ltr'><strong><em>ἀκριβείας”</em></strong></span> <span class='ocrx_word' id='word_1_78' title='bbox 578 1602 712 1648; x_wconf 90' lang='grc' dir='ltr'><strong><em>απαντα</em></strong></span> <span class='ocrx_word' id='word_1_79' title='bbox 740 1573 903 1667; x_wconf 71' lang='grc' dir='ltr'><strong><em>λεγόμενα</em></strong></span> <span class='ocrx_word' id='word_1_80' title='bbox 930 1579 1052 1662; x_wconf 81' lang='grc' dir='ltr'><strong><em>ζητεῖν,</em></strong></span> <span class='ocrx_word' id='word_1_81' title='bbox 1084 1579 1170 1647; x_wconf 81' lang='grc' dir='ltr'><strong><em>ἴδιον</em></strong></span> <span class='ocrx_word' id='word_1_82' title='bbox 1197 1574 1268 1672; x_wconf 88' lang='grc' dir='ltr'><strong><em>γάρ</em></strong></span> 
     </span>
     <span class='ocr_line' id='line_1_13' title="bbox 251 1671 1268 1808; baseline 0 -58"><span class='ocrx_word' id='word_1_83' title='bbox 251 1682 351 1752; x_wconf 83' lang='grc' dir='ltr'><strong><em>τοῦτο</em></strong></span> <span class='ocrx_word' id='word_1_84' title='bbox 366 1682 430 1748; x_wconf 84' lang='grc' dir='ltr'><strong><em>τών</em></strong></span> <span class='ocrx_word' id='word_1_85' title='bbox 442 1675 581 1767; x_wconf 87' lang='grc' dir='ltr'><strong><em>μύθων,</em></strong></span> <span class='ocrx_word' id='word_1_86' title='bbox 602 1678 649 1770; x_wconf 82' lang='grc' dir='ltr'><strong><em>μὴ</em></strong></span> <span class='ocrx_word' id='word_1_87' title='bbox 662 1671 804 1808; x_wconf 60' lang='grc' dir='ltr'><strong><em>ώποινῃα</em></strong></span> <span class='ocrx_word' id='word_1_88' title='bbox 826 1677 866 1750; x_wconf 87' lang='grc' dir='ltr'><strong><em>δι</em></strong></span> <span class='ocrx_word' id='word_1_89' title='bbox 891 1676 1062 1802; x_wconf 72' lang='grc' dir='ltr'><strong><em>ἀκριβείας</em></strong></span> <span class='ocrx_word' id='word_1_90' title='bbox 1083 1684 1188 1769; x_wconf 81' lang='grc' dir='ltr'><strong><em>λέγειν</em></strong></span> <span class='ocrx_word' id='word_1_91' title='bbox 1209 1684 1268 1765; x_wconf 77' lang='grc' dir='ltr'><strong><em>ι7).</em></strong></span> 
     </span>
     <span class='ocr_line' id='line_1_14' title="bbox 255 1771 1267 1912; baseline -0.001 -56"><span class='ocrx_word' id='word_1_92' title='bbox 255 1781 358 1856; x_wconf 81' lang='grc' dir='ltr'><strong><em>Ούδέν</em></strong></span> <span class='ocrx_word' id='word_1_93' title='bbox 376 1787 490 1874; x_wconf 87' lang='grc' dir='ltr'><strong><em>μέντοι</em></strong></span> <span class='ocrx_word' id='word_1_94' title='bbox 510 1771 610 1867; x_wconf 83' lang='grc' dir='ltr'><strong><em>ἧττον</em></strong></span> <span class='ocrx_word' id='word_1_95' title='bbox 631 1779 728 1877; x_wconf 84' lang='grc' dir='ltr'><strong><em>κάκεῖ</em></strong></span> <span class='ocrx_word' id='word_1_96' title='bbox 751 1783 945 1912; x_wconf 80' lang='grc' dir='ltr'><strong><em>ε’μιῃαίνεταί</em></strong></span> <span class='ocrx_word' id='word_1_97' title='bbox 965 1809 1017 1863; x_wconf 84' lang='grc' dir='ltr'><strong><em>τις</em></strong></span> <span class='ocrx_word' id='word_1_98' title='bbox 1038 1779 1166 1872; x_wconf 80' lang='grc' dir='ltr'><strong><em>ἀνάγκη</em></strong></span> <span class='ocrx_word' id='word_1_99' title='bbox 1187 1779 1267 1855; x_wconf 76' lang='grc' dir='ltr'><strong><em>ἐκεί·</em></strong></span> 
     </span>
     <span class='ocr_line' id='line_1_15' title="bbox 251 1883 1266 2016; baseline 0.002 -60"><span class='ocrx_word' id='word_1_100' title='bbox 251 1911 313 1983; x_wconf 89' lang='grc' dir='ltr'><strong><em>στῃ</em></strong></span> <span class='ocrx_word' id='word_1_101' title='bbox 334 1888 451 1982; x_wconf 81' lang='grc' dir='ltr'><strong><em>ιγνχών</em></strong></span> <span class='ocrx_word' id='word_1_102' title='bbox 472 1887 530 1970; x_wconf 81' lang='grc' dir='ltr'><strong><em>τῆς</em></strong></span> <span class='ocrx_word' id='word_1_103' title='bbox 557 1889 621 1956; x_wconf 87' lang='grc' dir='ltr'><strong><em>τών</em></strong></span> <span class='ocrx_word' id='word_1_104' title='bbox 640 1889 722 1976; x_wconf 83' lang='grc' dir='ltr'><strong><em>βίων</em></strong></span> <span class='ocrx_word' id='word_1_105' title='bbox 753 1884 924 2016; x_wconf 73' lang='grc' dir='ltr'><strong><em>ἀτρέστως·</em></strong></span> <span class='ocrx_word' id='word_1_106' title='bbox 959 1883 1047 1956; x_wconf 86' lang='grc' dir='ltr'><strong><em>κατά</em></strong></span> <span class='ocrx_word' id='word_1_107' title='bbox 1075 1883 1266 1971; x_wconf 76' lang='grc' dir='ltr'><strong><em>συνήθειαν</em></strong></span> 
     </span>
     <span class='ocr_line' id='line_1_16' title="bbox 250 1983 1266 2088; baseline 0.002 -30"><span class='ocrx_word' id='word_1_108' title='bbox 250 1987 315 2082; x_wconf 86' lang='grc' dir='ltr'><strong><em>γάρ</em></strong></span> <span class='ocrx_word' id='word_1_109' title='bbox 338 2014 423 2084; x_wconf 81' lang='grc' dir='ltr'><strong><em>φησι</em></strong></span> <span class='ocrx_word' id='word_1_110' title='bbox 444 1991 504 2059; x_wconf 86' lang='grc' dir='ltr'><strong><em>τού</em></strong></span> <span class='ocrx_word' id='word_1_111' title='bbox 529 1994 693 2084; x_wconf 74' lang='grc' dir='ltr'><strong><em>προτέρου</em></strong></span> <span class='ocrx_word' id='word_1_112' title='bbox 720 1991 797 2079; x_wconf 80' lang='grc' dir='ltr'><strong><em>βίον</em></strong></span> <span class='ocrx_word' id='word_1_113' title='bbox 824 1996 880 2060; x_wconf 78' lang='grc' dir='ltr'><strong><em>καί</em></strong></span> <span class='ocrx_word' id='word_1_114' title='bbox 912 1983 987 2059; x_wconf 90' lang='grc' dir='ltr'><strong><em>τότε</em></strong></span> <span class='ocrx_word' id='word_1_115' title='bbox 1015 1985 1137 2086; x_wconf 83' lang='grc' dir='ltr'><strong><em>ἑκάστῃ</em></strong></span> <span class='ocrx_word' id='word_1_116' title='bbox 1168 1993 1266 2088; x_wconf 78' lang='grc' dir='ltr'><strong><em>εγνχῇ</em></strong></span> 
     </span>
     <span class='ocr_line' id='line_1_17' title="bbox 250 2088 1320 2186; baseline 0.001 -24"><span class='ocrx_word' id='word_1_117' title='bbox 250 2094 429 2183; x_wconf 87' lang='grc' dir='ltr'><strong><em>γίγνεσθαι</em></strong></span> <span class='ocrx_word' id='word_1_118' title='bbox 462 2090 522 2177; x_wconf 81' lang='grc' dir='ltr'><strong><em>τὴν</em></strong></span> <span class='ocrx_word' id='word_1_119' title='bbox 552 2089 695 2186; x_wconf 81' lang='grc' dir='ltr'><strong><em>άίρεσικ·</em></strong></span> <span class='ocrx_word' id='word_1_120' title='bbox 731 2096 762 2163; x_wconf 77' lang='grc' dir='ltr'><strong><em>ἐι</em></strong></span> <span class='ocrx_word' id='word_1_121' title='bbox 792 2097 829 2164; x_wconf 83' lang='grc' dir='ltr'><strong><em>δὲ</em></strong></span> <span class='ocrx_word' id='word_1_122' title='bbox 859 2089 948 2162; x_wconf 82' lang='grc' dir='ltr'><strong><em>κατά</em></strong></span> <span class='ocrx_word' id='word_1_123' title='bbox 982 2088 1171 2176; x_wconf 83' lang='grc' dir='ltr'><strong><em>σννὴθειαν</em></strong></span> <span class='ocrx_word' id='word_1_124' title='bbox 1201 2095 1266 2164; x_wconf 77' lang='grc' dir='ltr'><strong><em>τοῦ</em></strong></span> <span class='ocrx_word' id='word_1_125' title='bbox 1313 2145 1320 2156; x_wconf 77' lang='grc'>.</span> 
     </span>
     <span class='ocr_line' id='line_1_18' title="bbox 249 2189 1265 2292; baseline 0.003 -27"><span class='ocrx_word' id='word_1_126' title='bbox 249 2201 413 2291; x_wconf 83' lang='grc' dir='ltr'><strong><em>προτέρου</em></strong></span> <span class='ocrx_word' id='word_1_127' title='bbox 430 2189 523 2284; x_wconf 58' lang='grc' dir='ltr'><strong><em>βίον,</em></strong></span> <span class='ocrx_word' id='word_1_128' title='bbox 545 2203 604 2268; x_wconf 80' lang='grc' dir='ltr'><strong><em>καὶ</em></strong></span> <span class='ocrx_word' id='word_1_129' title='bbox 622 2193 704 2266; x_wconf 86' lang='grc' dir='ltr'><strong><em>καθ’</em></strong></span> <span class='ocrx_word' id='word_1_130' title='bbox 728 2192 841 2289; x_wconf 85' lang='grc' dir='ltr'><strong><em>έιρμόν</em></strong></span> <span class='ocrx_word' id='word_1_131' title='bbox 861 2221 959 2281; x_wconf 79' lang='grc' dir='ltr'><strong><em>τινα,</em></strong></span> <span class='ocrx_word' id='word_1_132' title='bbox 980 2198 1010 2266; x_wconf 89' lang='grc' dir='ltr'><strong><em>έι</em></strong></span> <span class='ocrx_word' id='word_1_133' title='bbox 1030 2199 1066 2266; x_wconf 80' lang='grc' dir='ltr'><strong><em>δὲ</em></strong></span> <span class='ocrx_word' id='word_1_134' title='bbox 1087 2192 1171 2268; x_wconf 86' lang='grc' dir='ltr'><strong><em>καθ’</em></strong></span> <span class='ocrx_word' id='word_1_135' title='bbox 1195 2198 1265 2292; x_wconf 82' lang='grc' dir='ltr'><strong><em>εἰρ-</em></strong></span> 
     </span>
     <span class='ocr_line' id='line_1_19' title="bbox 249 2293 1266 2391; baseline 0.003 -20"><span class='ocrx_word' id='word_1_136' title='bbox 249 2298 330 2391; x_wconf 86' lang='grc' dir='ltr'><strong><em>μύν,</em></strong></span> <span class='ocrx_word' id='word_1_137' title='bbox 352 2293 422 2370; x_wconf 76' lang='grc' dir='ltr'><strong><em>οὐδ’</em></strong></span> <span class='ocrx_word' id='word_1_138' title='bbox 443 2297 520 2369; x_wconf 84' lang='grc' dir='ltr'><strong><em>ἀνευ</em></strong></span> <span class='ocrx_word' id='word_1_139' title='bbox 542 2295 668 2380; x_wconf 87' lang='grc' dir='ltr'><strong><em>ἀιτίας·</em></strong></span> <span class='ocrx_word' id='word_1_140' title='bbox 690 2294 769 2370; x_wconf 78' lang='grc' dir='ltr'><strong><em>έιδ</em></strong></span> <span class='ocrx_word' id='word_1_141' title='bbox 792 2296 854 2370; x_wconf 76' lang='grc' dir='ltr'><strong><em>οὐκ</em></strong></span> <span class='ocrx_word' id='word_1_142' title='bbox 872 2296 950 2370; x_wconf 85' lang='grc' dir='ltr'><strong><em>ἀνεν</em></strong></span> <span class='ocrx_word' id='word_1_143' title='bbox 971 2295 1102 2382; x_wconf 79' lang='grc' dir='ltr'><strong><em>ἀντίας,</em></strong></span> <span class='ocrx_word' id='word_1_144' title='bbox 1122 2305 1180 2370; x_wconf 80' lang='grc' dir='ltr'><strong><em>καὶ</em></strong></span> <span class='ocrx_word' id='word_1_145' title='bbox 1202 2298 1266 2374; x_wconf 78' lang='grc' dir='ltr'><strong><em>σύν</em></strong></span> 
     </span>
     <span class='ocr_line' id='line_1_20' title="bbox 250 2396 1264 2498; baseline -0.002 -22"><span class='ocrx_word' id='word_1_146' title='bbox 250 2398 388 2498; x_wconf 78' lang='grc' dir='ltr'><strong><em>ἀνάγκῃ.</em></strong></span> <span class='ocrx_word' id='word_1_147' title='bbox 412 2399 450 2472; x_wconf 87' lang='lat'><strong><em>‘0</em></strong></span> <span class='ocrx_word' id='word_1_148' title='bbox 464 2396 494 2474; x_wconf 81' lang='grc' dir='ltr'><strong><em>δ</em></strong></span> <span class='ocrx_word' id='word_1_149' title='bbox 505 2399 572 2472; x_wconf 86' lang='grc' dir='ltr'><strong><em>ἀπὸ</em></strong></span> <span class='ocrx_word' id='word_1_150' title='bbox 587 2404 650 2474; x_wconf 82' lang='grc' dir='ltr'><strong><em>τῶν</em></strong></span> <span class='ocrx_word' id='word_1_151' title='bbox 660 2404 719 2486; x_wconf 78' lang='grc' dir='ltr'><strong><em>τῆς</em></strong></span> <span class='ocrx_word' id='word_1_152' title='bbox 739 2402 887 2494; x_wconf 82' lang='grc' dir='ltr'><strong><em>μοιχείας</em></strong></span> <span class='ocrx_word' id='word_1_153' title='bbox 900 2397 1061 2493; x_wconf 77' lang='grc' dir='ltr'><strong><em>θεμάτων</em></strong></span> <span class='ocrx_word' id='word_1_154' title='bbox 1075 2399 1137 2487; x_wconf 79' lang='grc' dir='ltr'><strong><em>τὴν</em></strong></span> <span class='ocrx_word' id='word_1_155' title='bbox 1146 2405 1207 2488; x_wconf 79' lang='grc' dir='ltr'><strong><em>τῆς</em></strong></span> <span class='ocrx_word' id='word_1_156' title='bbox 1216 2406 1264 2474; x_wconf 83' lang='grc' dir='ltr'><strong><em>ἑι-</em></strong></span> 
     </span>
     <span class='ocr_line' id='line_1_21' title="bbox 246 2499 1264 2601; baseline 0.006 -27"><span class='ocrx_word' id='word_1_157' title='bbox 246 2512 417 2600; x_wconf 82' lang='grc' dir='ltr'><strong><em>μαρμένης</em></strong></span> <span class='ocrx_word' id='word_1_158' title='bbox 437 2503 605 2600; x_wconf 89' lang='grc' dir='ltr'><strong><em>ἀναίρεσιν</em></strong></span> <span class='ocrx_word' id='word_1_159' title='bbox 625 2502 893 2601; x_wconf 82' lang='grc' dir='ltr'><strong><em>ἰσχυριζόμενος,</em></strong></span> <span class='ocrx_word' id='word_1_160' title='bbox 913 2499 975 2577; x_wconf 81' lang='grc' dir='ltr'><strong><em>ἀτε</em></strong></span> <span class='ocrx_word' id='word_1_161' title='bbox 993 2502 1061 2577; x_wconf 85' lang='grc' dir='ltr'><strong><em>ἀπὸ</em></strong></span> <span class='ocrx_word' id='word_1_162' title='bbox 1083 2509 1264 2601; x_wconf 80' lang='grc' dir='ltr'><strong><em>δνςκρίτοιν</em></strong></span> 
     </span>
     <span class='ocr_line' id='line_1_22' title="bbox 250 2605 1265 2704; baseline 0.002 -24"><span class='ocrx_word' id='word_1_163' title='bbox 250 2611 314 2682; x_wconf 82' lang='grc' dir='ltr'><strong><em>τών</em></strong></span> <span class='ocrx_word' id='word_1_164' title='bbox 335 2605 496 2681; x_wconf 77' lang='grc' dir='ltr'><strong><em>τοιούτων</em></strong></span> <span class='ocrx_word' id='word_1_165' title='bbox 516 2607 619 2680; x_wconf 84' lang='grc' dir='ltr'><strong><em>όντων</em></strong></span> <span class='ocrx_word' id='word_1_166' title='bbox 639 2605 801 2700; x_wconf 84' lang='grc' dir='ltr'><strong><em>θεμάτων</em></strong></span> <span class='ocrx_word' id='word_1_167' title='bbox 822 2611 1006 2704; x_wconf 79' lang='grc' dir='ltr'><strong><em>ἐπιχειρών,</em></strong></span> <span class='ocrx_word' id='word_1_168' title='bbox 1041 2615 1098 2680; x_wconf 79' lang='grc' dir='ltr'><strong><em>καί</em></strong></span> <span class='ocrx_word' id='word_1_169' title='bbox 1125 2605 1197 2682; x_wconf 74' lang='grc' dir='ltr'><strong><em>οὐδ’</em></strong></span> <span class='ocrx_word' id='word_1_170' title='bbox 1220 2607 1265 2682; x_wconf 75' lang='grc' dir='ltr'><strong><em>όν</em></strong></span> 
     </span>
     <span class='ocr_line' id='line_1_23' title="bbox 250 2705 1263 2807; baseline 0.002 -23"><span class='ocrx_word' id='word_1_171' title='bbox 250 2711 352 2794; x_wconf 73' lang='grc' dir='ltr'><strong><em>ἀετὸς</em></strong></span> <span class='ocrx_word' id='word_1_172' title='bbox 373 2709 460 2786; x_wconf 89' lang='grc' dir='ltr'><strong><em>κατά</em></strong></span> <span class='ocrx_word' id='word_1_173' title='bbox 478 2739 515 2800; x_wconf 88' lang='grc' dir='ltr'><strong><em>γε</em></strong></span> <span class='ocrx_word' id='word_1_174' title='bbox 535 2709 575 2781; x_wconf 85' lang='grc' dir='ltr'><strong><em>τύ</em></strong></span> <span class='ocrx_word' id='word_1_175' title='bbox 597 2710 684 2794; x_wconf 82' lang='grc' dir='ltr'><strong><em>εἰκὸς</em></strong></span> <span class='ocrx_word' id='word_1_176' title='bbox 705 2715 813 2794; x_wconf 75' lang='grc' dir='ltr'><strong><em>καλός</em></strong></span> <span class='ocrx_word' id='word_1_177' title='bbox 833 2711 1003 2807; x_wconf 83' lang='grc' dir='ltr'><strong><em>κεκρικώς,</em></strong></span> <span class='ocrx_word' id='word_1_178' title='bbox 1018 2795 1021 2800; x_wconf 27' lang='grc' dir='ltr'>Ι</span> <span class='ocrx_word' id='word_1_179' title='bbox 1039 2707 1172 2797; x_wconf 82' lang='grc' dir='ltr'><strong><em>έικότως</em></strong></span> <span class='ocrx_word' id='word_1_180' title='bbox 1192 2705 1263 2786; x_wconf 79' lang='grc' dir='ltr'><strong><em>ούδ</em></strong></span> 
     </span>
     <span class='ocr_line' id='line_1_24' title="bbox 249 2811 1264 2914; baseline -0.002 -24"><span class='ocrx_word' id='word_1_181' title='bbox 249 2812 327 2909; x_wconf 77' lang='grc' dir='ltr'><strong><em>ύμίκ</em></strong></span> <span class='ocrx_word' id='word_1_182' title='bbox 354 2811 515 2896; x_wconf 82' lang='grc' dir='ltr'><strong><em>πιθανός.</em></strong></span> <span class='ocrx_word' id='word_1_183' title='bbox 552 2811 677 2887; x_wconf 81' lang='grc' dir='ltr'><strong><em>Ἐκεῖνο</em></strong></span> <span class='ocrx_word' id='word_1_184' title='bbox 703 2815 770 2907; x_wconf 79' lang='grc' dir='ltr'><strong><em>μὴν</em></strong></span> <span class='ocrx_word' id='word_1_185' title='bbox 791 2819 843 2888; x_wconf 73' lang='grc' dir='ltr'><strong><em>ἐπὶ</em></strong></span> <span class='ocrx_word' id='word_1_186' title='bbox 856 2818 951 2887; x_wconf 76' lang='grc' dir='ltr'><strong><em>’πάσι</em></strong></span> <span class='ocrx_word' id='word_1_187' title='bbox 973 2812 1140 2900; x_wconf 87' lang='grc' dir='ltr'><strong><em>τοιούτοις</em></strong></span> <span class='ocrx_word' id='word_1_188' title='bbox 1160 2841 1264 2914; x_wconf 60' lang='grc' dir='ltr'><strong><em>προςι</em></strong></span> 
     </span>
     <span class='ocr_line' id='line_1_25' title="bbox 248 2915 1262 3014; baseline 0.006 -26"><span class='ocrx_word' id='word_1_189' title='bbox 248 2915 419 3008; x_wconf 78' lang='grc' dir='ltr'><strong><em>θήσομεν,</em></strong></span> <span class='ocrx_word' id='word_1_190' title='bbox 455 2915 498 3000; x_wconf 85' lang='grc' dir='ltr'><strong><em>ώς</em></strong></span> <span class='ocrx_word' id='word_1_191' title='bbox 526 2917 603 2990; x_wconf 77' lang='grc' dir='ltr'><strong><em>οὐδὲ</em></strong></span> <span class='ocrx_word' id='word_1_192' title='bbox 634 2917 695 3004; x_wconf 82' lang='grc' dir='ltr'><strong><em>τὴν</em></strong></span> <span class='ocrx_word' id='word_1_193' title='bbox 721 2921 783 2992; x_wconf 86' lang='grc' dir='ltr'><strong><em>τού</em></strong></span> <span class='ocrx_word' id='word_1_194' title='bbox 804 2921 894 2992; x_wconf 72' lang='grc' dir='ltr'><strong><em>θεοῦ</em></strong></span> <span class='ocrx_word' id='word_1_195' title='bbox 921 2915 1107 3014; x_wconf 82' lang='grc' dir='ltr'><strong><em>πρόγνωσιν</em></strong></span> <span class='ocrx_word' id='word_1_196' title='bbox 1144 2931 1262 2994; x_wconf 80' lang='grc' dir='ltr'><strong><em>σύναι-</em></strong></span> 
     </span>
     <span class='ocr_line' id='line_1_26' title="bbox 231 3021 1261 3146; baseline 0.008 -56"><span class='ocrx_word' id='word_1_197' title='bbox 231 3024 372 3114; x_wconf 84' lang='grc' dir='ltr'><strong><em>-ρούντα</em></strong></span> <span class='ocrx_word' id='word_1_198' title='bbox 394 3023 434 3120; x_wconf 71' lang='grc' dir='ltr'><strong><em>τῇ</em></strong></span> <span class='ocrx_word' id='word_1_199' title='bbox 453 3024 511 3120; x_wconf 78' lang='grc' dir='ltr'><strong><em>τῇς</em></strong></span> <span class='ocrx_word' id='word_1_200' title='bbox 532 3027 727 3118; x_wconf 79' lang='grc' dir='ltr'><strong><em>ἑιμαρμένῃς</em></strong></span> <span class='ocrx_word' id='word_1_201' title='bbox 748 3021 915 3118; x_wconf 82' lang='grc' dir='ltr'><strong><em>ἀναιρέσει</em></strong></span> <span class='ocrx_word' id='word_1_202' title='bbox 936 3021 1052 3146; x_wconf 82' lang='grc' dir='ltr'><strong><em>λόγον,</em></strong></span> <span class='ocrx_word' id='word_1_203' title='bbox 1073 3028 1181 3106; x_wconf 82' lang='grc' dir='ltr'><strong><em>καλῶς</em></strong></span> <span class='ocrx_word' id='word_1_204' title='bbox 1202 3023 1261 3098; x_wconf 79' lang='grc' dir='ltr'><strong><em>λύ-</em></strong></span> 
     </span>
     <span class='ocr_line' id='line_1_27' title="bbox 249 3095 1260 3225; baseline 0.004 -30"><span class='ocrx_word' id='word_1_205' title='bbox 249 3149 326 3196; x_wconf 82' lang='grc' dir='ltr'><strong><em>ουσι</em></strong></span> <span class='ocrx_word' id='word_1_206' title='bbox 346 3131 379 3194; x_wconf 78' lang='grc' dir='ltr'><strong><em>οἱ</em></strong></span> <span class='ocrx_word' id='word_1_207' title='bbox 400 3095 488 3197; x_wconf 75' lang='grc' dir='ltr'><strong><em>ίύειύ</em></strong></span> <span class='ocrx_word' id='word_1_208' title='bbox 508 3123 718 3221; x_wconf 77' lang='grc' dir='ltr'><strong><em>πειρώμενοι,</em></strong></span> <span class='ocrx_word' id='word_1_209' title='bbox 741 3123 926 3225; x_wconf 83' lang='grc' dir='ltr'><strong><em>φάσκοντες</em></strong></span> <span class='ocrx_word' id='word_1_210' title='bbox 947 3125 1005 3198; x_wconf 86' lang='grc' dir='ltr'><strong><em>τὸν</em></strong></span> <span class='ocrx_word' id='word_1_211' title='bbox 1018 3125 1142 3198; x_wconf 85' lang='grc' dir='ltr'><strong><em>θεὸν</em></strong></span> <span class='ocrx_word' id='word_1_212' title='bbox 1120 3135 1260 3223; x_wconf 77' lang='grc' dir='ltr'><strong><em>ωρισμέ·</em></strong></span> 
     </span>
     <span class='ocr_line' id='line_1_28' title="bbox 243 3225 1259 3354; baseline 0.004 -55.012"><span class='ocrx_word' id='word_1_213' title='bbox 243 3254 311 3310; x_wconf 88' lang='grc' dir='ltr'><strong><em>νως</em></strong></span> <span class='ocrx_word' id='word_1_214' title='bbox 332 3228 374 3298; x_wconf 86' lang='grc' dir='ltr'><strong><em>τά</em></strong></span> <span class='ocrx_word' id='word_1_215' title='bbox 398 3225 541 3354; x_wconf 86' lang='grc' dir='ltr'><strong><em>ἀόριστα</em></strong></span> <span class='ocrx_word' id='word_1_216' title='bbox 562 3227 742 3319; x_wconf 87' lang='grc' dir='ltr'><strong><em>γινώσκειν.</em></strong></span> <span class='ocrx_word' id='word_1_217' title='bbox 790 3228 841 3301; x_wconf 70' lang='lat' dir='ltr'><strong><em>&#39;Eo</em></strong></span> <span class='ocrx_word' id='word_1_218' title='bbox 867 3238 929 3321; x_wconf 77' lang='grc' dir='ltr'><strong><em>μὲν</em></strong></span> <span class='ocrx_word' id='word_1_219' title='bbox 948 3229 1013 3326; x_wconf 88' lang='grc' dir='ltr'><strong><em>γάρ</em></strong></span> <span class='ocrx_word' id='word_1_220' title='bbox 1037 3229 1075 3300; x_wconf 85' lang='grc' dir='ltr'><strong><em>τὸ</em></strong></span> <span class='ocrx_word' id='word_1_221' title='bbox 1097 3228 1259 3326; x_wconf 78' lang='grc' dir='ltr'><strong><em>ἀόριστον</em></strong></span> 
     </span>
     <span class='ocr_line' id='line_1_29' title="bbox 248 3321 1258 3458; baseline 0.006 -58"><span class='ocrx_word' id='word_1_222' title='bbox 248 3336 358 3422; x_wconf 89' lang='grc' dir='ltr'><strong><em>σχέσις</em></strong></span> <span class='ocrx_word' id='word_1_223' title='bbox 382 3358 434 3414; x_wconf 85' lang='grc' dir='ltr'><strong><em>τις</em></strong></span> <span class='ocrx_word' id='word_1_224' title='bbox 457 3321 515 3418; x_wconf 80' lang='grc' dir='ltr'><strong><em>ἦν,</em></strong></span> <span class='ocrx_word' id='word_1_225' title='bbox 548 3331 620 3405; x_wconf 85' lang='grc' dir='ltr'><strong><em>ύῖόν</em></strong></span> <span class='ocrx_word' id='word_1_226' title='bbox 647 3362 709 3430; x_wconf 90' lang='grc' dir='ltr'><strong><em>περ</em></strong></span> <span class='ocrx_word' id='word_1_227' title='bbox 733 3331 773 3403; x_wconf 83' lang='grc' dir='ltr'><strong><em>τὸ</em></strong></span> <span class='ocrx_word' id='word_1_228' title='bbox 797 3329 1043 3458; x_wconf 72' lang='grc' dir='ltr'><strong><em>διπλάσιον,</em></strong></span> <span class='ocrx_word' id='word_1_229' title='bbox 1023 3361 1042 3434; x_wconf 81' lang='grc' dir='ltr'><strong><em>ο</em></strong></span> <span class='ocrx_word' id='word_1_230' title='bbox 1070 3340 1182 3426; x_wconf 85' lang='grc' dir='ltr'><strong><em>σχέσις</em></strong></span> <span class='ocrx_word' id='word_1_231' title='bbox 1203 3333 1258 3420; x_wconf 80' lang='grc' dir='ltr'><strong><em>ἀν,</em></strong></span> 
     </span>
     <span class='ocr_line' id='line_1_30' title="bbox 248 3431 1257 3532; baseline 0.006 -28"><span class='ocrx_word' id='word_1_232' title='bbox 248 3437 343 3504; x_wconf 85' lang='grc' dir='ltr'><strong><em>τοῦδε</em></strong></span> <span class='ocrx_word' id='word_1_233' title='bbox 365 3443 427 3524; x_wconf 81' lang='grc' dir='ltr'><strong><em>μὲν</em></strong></span> <span class='ocrx_word' id='word_1_234' title='bbox 448 3433 645 3523; x_wconf 80' lang='grc' dir='ltr'><strong><em>διπλάσιον,</em></strong></span> <span class='ocrx_word' id='word_1_235' title='bbox 666 3441 779 3532; x_wconf 78' lang='grc' dir='ltr'><strong><em>ἑτέρον</em></strong></span> <span class='ocrx_word' id='word_1_236' title='bbox 800 3443 836 3508; x_wconf 81' lang='grc' dir='ltr'><strong><em>δὲ</em></strong></span> <span class='ocrx_word' id='word_1_237' title='bbox 858 3436 897 3508; x_wconf 90' lang='grc' dir='ltr'><strong><em>τὸ</em></strong></span> <span class='ocrx_word' id='word_1_238' title='bbox 911 3433 1022 3521; x_wconf 85' lang='grc' dir='ltr'><strong><em>ἀντό,</em></strong></span> <span class='ocrx_word' id='word_1_239' title='bbox 1044 3431 1146 3528; x_wconf 73' lang='grc' dir='ltr'><strong><em>ίίμισν</em></strong></span> <span class='ocrx_word' id='word_1_240' title='bbox 1169 3441 1257 3524; x_wconf 86' lang='grc' dir='ltr'><strong><em>ἴσως,</em></strong></span> 
     </span>
     <span class='ocr_line' id='line_1_31' title="bbox 247 3533 1257 3640; baseline 0.007 -35"><span class='ocrx_word' id='word_1_241' title='bbox 247 3533 381 3620; x_wconf 77' lang='grc' dir='ltr'><strong><em>ἐικότως</em></strong></span> <span class='ocrx_word' id='word_1_242' title='bbox 412 3535 454 3611; x_wconf 77' lang='grc' dir='ltr'><strong><em>ἀν</em></strong></span> <span class='ocrx_word' id='word_1_243' title='bbox 484 3548 541 3611; x_wconf 79' lang='grc' dir='ltr'><strong><em>καί</em></strong></span> <span class='ocrx_word' id='word_1_244' title='bbox 569 3535 704 3614; x_wconf 78' lang='grc' dir='ltr'><strong><em>ἐδόκουν</em></strong></span> <span class='ocrx_word' id='word_1_245' title='bbox 735 3546 839 3631; x_wconf 83' lang='grc' dir='ltr'><strong><em>λέγειν</em></strong></span> <span class='ocrx_word' id='word_1_246' title='bbox 872 3569 904 3611; x_wconf 92' lang='grc' dir='ltr'><strong><em>τι</em></strong></span> <span class='ocrx_word' id='word_1_247' title='bbox 934 3547 968 3611; x_wconf 80' lang='grc' dir='ltr'><strong><em>οἱ</em></strong></span> <span class='ocrx_word' id='word_1_248' title='bbox 991 3538 1076 3612; x_wconf 85' lang='grc' dir='ltr'><strong><em>δύτω</em></strong></span> <span class='ocrx_word' id='word_1_249' title='bbox 1099 3547 1257 3640; x_wconf 78' lang='grc' dir='ltr'><strong><em>λέγοντες.</em></strong></span> 
     </span>
     <span class='ocr_line' id='line_1_32' title="bbox 241 3635 1256 3768; baseline 0.006 -58.042"><span class='ocrx_word' id='word_1_250' title='bbox 241 3635 331 3711; x_wconf 79' lang='grc' dir='ltr'><strong><em>Ἐπεί</em></strong></span> <span class='ocrx_word' id='word_1_251' title='bbox 357 3645 443 3710; x_wconf 78' lang='grc' dir='ltr'><strong><em>δέ’</em></strong></span> <span class='ocrx_word' id='word_1_252' title='bbox 427 3644 520 3768; x_wconf 82' lang='grc' dir='ltr'><strong><em>εἰπερ</em></strong></span> <span class='ocrx_word' id='word_1_253' title='bbox 547 3670 580 3714; x_wconf 87' lang='grc' dir='ltr'><strong><em>τι</em></strong></span> <span class='ocrx_word' id='word_1_254' title='bbox 608 3643 691 3718; x_wconf 75' lang='grc' dir='ltr'><strong><em>ἀλλο</em></strong></span> <span class='ocrx_word' id='word_1_255' title='bbox 724 3642 891 3716; x_wconf 79' lang='grc' dir='ltr'><strong><em>ἀπύλωτον</em></strong></span> <span class='ocrx_word' id='word_1_256' title='bbox 924 3653 981 3716; x_wconf 83' lang='grc' dir='ltr'><strong><em>καὶ</em></strong></span> <span class='ocrx_word' id='word_1_257' title='bbox 1011 3644 1049 3714; x_wconf 85' lang='grc' dir='ltr'><strong><em>τὸ</em></strong></span> <span class='ocrx_word' id='word_1_258' title='bbox 1082 3641 1256 3766; x_wconf 87' lang='grc' dir='ltr'><strong><em>ἀόριστον,</em></strong></span> 
     </span>
     <span class='ocr_line' id='line_1_33' title="bbox 244 3739 1256 3874; baseline 0.004 -60"><span class='ocrx_word' id='word_1_259' title='bbox 244 3739 520 3867; x_wconf 77' lang='grc' dir='ltr'><strong><em>παραπλύοιρν’</em></strong></span> <span class='ocrx_word' id='word_1_260' title='bbox 497 3774 539 3817; x_wconf 89' lang='grc' dir='ltr'><strong><em>αν</em></strong></span> <span class='ocrx_word' id='word_1_261' title='bbox 553 3750 600 3833; x_wconf 85' lang='grc' dir='ltr'><strong><em>έίη</em></strong></span> <span class='ocrx_word' id='word_1_262' title='bbox 619 3776 658 3818; x_wconf 89' lang='grc' dir='ltr'><strong><em>το</em></strong></span> <span class='ocrx_word' id='word_1_263' title='bbox 645 3741 904 3874; x_wconf 74' lang='grc' dir='ltr'><strong><em>λεγόμενογ,”</em></strong></span> <span class='ocrx_word' id='word_1_264' title='bbox 878 3775 982 3843; x_wconf 83' lang='grc' dir='ltr'><strong><em>ωςπερ</em></strong></span> <span class='ocrx_word' id='word_1_265' title='bbox 997 3747 1039 3820; x_wconf 86' lang='grc' dir='ltr'><strong><em>ἀν</em></strong></span> <span class='ocrx_word' id='word_1_266' title='bbox 1052 3753 1081 3818; x_wconf 80' lang='grc' dir='ltr'><strong><em>ἐι</em></strong></span> <span class='ocrx_word' id='word_1_267' title='bbox 1098 3746 1157 3818; x_wconf 89' lang='grc' dir='ltr'><strong><em>τὸν</em></strong></span> <span class='ocrx_word' id='word_1_268' title='bbox 1171 3747 1256 3820; x_wconf 79' lang='grc' dir='ltr'><strong><em>θεὸν</em></strong></span> 
     </span>
     <span class='ocr_line' id='line_1_34' title="bbox 245 3840 1256 3980; baseline 0.006 -64"><span class='ocrx_word' id='word_1_269' title='bbox 245 3848 394 3969; x_wconf 80' lang='grc' dir='ltr'><strong><em>ἔφασκον</em></strong></span> <span class='ocrx_word' id='word_1_270' title='bbox 417 3847 475 3919; x_wconf 88' lang='grc' dir='ltr'><strong><em>τὸν</em></strong></span> <span class='ocrx_word' id='word_1_271' title='bbox 502 3853 585 3938; x_wconf 80' lang='grc' dir='ltr'><strong><em>βοῦν</em></strong></span> <span class='ocrx_word' id='word_1_272' title='bbox 610 3840 842 3945; x_wconf 83' lang='grc' dir='ltr'><strong><em>ἀνθρωπον’</em></strong></span> <span class='ocrx_word' id='word_1_273' title='bbox 822 3879 904 3924; x_wconf 89' lang='grc' dir='ltr'><strong><em>οντα</em></strong></span> <span class='ocrx_word' id='word_1_274' title='bbox 931 3848 1117 3980; x_wconf 65' lang='grc' dir='ltr'><strong><em>γινώσκων,</em></strong></span> <span class='ocrx_word' id='word_1_275' title='bbox 1149 3847 1170 3936; x_wconf 81' lang='grc' dir='ltr'><strong><em>ἢ</em></strong></span> <span class='ocrx_word' id='word_1_276' title='bbox 1199 3849 1256 3922; x_wconf 81' lang='grc' dir='ltr'><strong><em>τὸν</em></strong></span> 
     </span>
     <span class='ocr_line' id='line_1_35' title="bbox 243 3947 1254 4056; baseline 0.005 -37"><span class='ocrx_word' id='word_1_277' title='bbox 243 3947 476 4056; x_wconf 77' lang='grc' dir='ltr'><strong><em>ἀνθρώπιν’</em></strong></span> <span class='ocrx_word' id='word_1_278' title='bbox 456 3958 590 4047; x_wconf 80' lang='grc' dir='ltr'><strong><em>αστέρα.</em></strong></span> <span class='ocrx_word' id='word_1_279' title='bbox 632 3953 774 4030; x_wconf 84' lang='grc' dir='ltr'><strong><em>Ποῐα’</em></strong></span> <span class='ocrx_word' id='word_1_280' title='bbox 759 3959 817 4030; x_wconf 83' lang='grc' dir='ltr'><strong><em>οῦν</em></strong></span> <span class='ocrx_word' id='word_1_281' title='bbox 843 3959 962 4046; x_wconf 84' lang='grc' dir='ltr'><strong><em>γνῶσις</em></strong></span> <span class='ocrx_word' id='word_1_282' title='bbox 990 3952 1100 4049; x_wconf 81' lang='grc' dir='ltr'><strong><em>ἔτερόν</em></strong></span> <span class='ocrx_word' id='word_1_283' title='bbox 1126 3982 1160 4024; x_wconf 90' lang='grc' dir='ltr'><strong><em>τι</em></strong></span> <span class='ocrx_word' id='word_1_284' title='bbox 1183 3959 1254 4049; x_wconf 75' lang='grc' dir='ltr'><strong><em>περί</em></strong></span> 
     </span>
    </p>
   </div>
   <div class='ocr_carea' id='block_1_3' title="bbox 0 0 1384 4790">
    <p class='ocr_par' dir='ltr' id='par_1_4' title="bbox 0 0 1384 4790">
     <span class='ocr_line' id='line_1_36' title="bbox 0 0 1384 4790; baseline 0 2"><span class='ocrx_word' id='word_1_285' title='bbox 0 0 1384 4790; x_wconf 95' lang='lat' dir='ltr'><strong><em> </em></strong></span> 
     </span>
    </p>
   </div>
  </div>
 </body>
</html>
