2804 4786
288 335 350 402 298

309 506 343 588 2)
373 502 423 585 είς
443 501 562 594 ἡμεῖς
584 532 624 574 τε
645 501 864 594 ἀξιοῦμεν)
890 507 1193 590 taquodaberatiu
1209 509 1285 576 Au.

374 612 404 672 1.
428 613 545 675 addunt
566 611 642 674 Ald.
667 611 699 678 2.
730 608 837 675 Gasel.
860 621 893 676 et
913 611 1023 675 Lond.
1227 617 1231 627 '

308 713 342 793 3)
370 709 451 781 ἀλλ’
486 717 598 781 ἐίναι
630 712 774 809 ἐπίσηςὶ
805 707 1005 802 ἑκάτερον
1034 709 1056 796 ἢ
1082 712 1235 784 πιστὸν
1265 715 1287 800 ἢ

370 814 528 899 ἄδηλον
548 812 669 898 ἆοτὸ]
694 816 814 901 Tangit
834 815 882 880 his
902 815 1010 880 verbis
1024 816 1206 900 Alexander
1228 825 1286 887 do·

371 941 444 1006 gina
467 919 685 1002 Scepticorum
707 922 842 996 Fatum,
880 931 985 982 utrum
1000 920 1053 986 ‘sit
1081 943 1119 985 an
1140 926 1283 1004 nonsit,

371 1022 403 1086 in
425 1023 573 1110 ambiguo
595 1024 849 1108 relinquentium.
884 1023 957 1104 (Ο.)

306 1127 339 1206 l)
366 1122 528 1195 πάντων
555 1128 803 1216 γινομένων]
840 1129 949 1191 Havn.
978 1105 1133 1214 inmarg.
1156 1125 1298 1213 πάντας.

369 1233 554 1318 γινομένων.

306 1335 340 1414 5)
369 1330 417 1399 τὰ
436 1330 487 1421 με)
510 1329 640 1413 ὁείτιις
671 1333 798 1424 ἔχειν]
842 1337 892 1400 Ita
913 1339 1020 1403 Lond.
1044 1339 1135 1402 bene.
1173 1338 1282 1403 Havn.

368 1437 504 1500 Aldinae
532 1449 564 1500 et
593 1437 700 1504 Casel.
733 1434 756 1519 ἢ
775 1436 821 1525 μὴ
844 1435 948 1518 &tang
970 1439 1061 1528 ἔχειν,
1106 1441 1169 1505 Sed
1189 1438 1210 1524 ἢ
1232 1465 1283 1506 re·

368 1543 527 1622 spondeus
555 1533 755 1622 praecedeuti
775 1537 915 1633 πότερον
934 1545 1083 1608 hahemus
1104 1545 1213 1627 paullo
1234 1546 1283 1609 iu-

365 1745 412 1808 sic
435 1747 515 1808 nude
537 1748 675 1828 positum
697 1748 810 1812 falsum
832 1761 891 1812 est.
939 1750 1088 1815 «Omnino
1118 1753 1282 1815 delendum
1304 1801 1309 1809 .

288 1917 291 1924 ¹
367 1860 435 1911 erat
450 1845 470 1931 ἢ
482 1848 588 1914 Codd.
605 1862 636 1913 et
648 1852 731 1914 Edd.
744 1852 1006 1935 praecedentium.
1030 1853 1147 1937 (Cusp.
1164 1855 1283 1933 Orell.)

303 1951 361 2034 ὗε)
381 1952 606 2038 γίνεσθαι]
649 1955 726 2018 Ald.
751 1956 782 2018 l.
804 1955 927 2040 γίνεται
949 1956 1077 2021 vitiose.

182 2101 185 2108 .
222 2124 225 2132 ,
302 2055 336 2138 6)
369 2051 423 2124 Οὐ
455 2050 683 2148 γνώριμον]
731 2057 839 2122 Havn.
869 2058 1002 2122 Aldinae
1035 2068 1067 2122 et
1096 2056 1204 2124 Casel.
1232 2051 1286 2125 Ἢ

363 2154 536 2250 γνώριμον.
558 2159 631 2240 (Ο.)
664 2161 778 2225 Recte.
800 2160 885 2226 Vide
908 2161 947 2223 ad
968 2159 1051 2243 Cap.
1073 2161 1121 2225 V.
1144 2157 1230 2224 Nro.
1247 2160 1280 2224 3.

281 2330 284 2334 ,
366 2263 480 2343 (Gusp.
504 2263 623 2341 Orcll.)

230 2440 234 2459 Ι
300 2363 333 2444 7)
363 2363 474 2436 ἐῖναι
495 2357 655 2453 κύριοι]
685 2361 762 2427 Ald.
780 2364 811 2429 l.
833 2363 917 2432 ἒῐναι
938 2358 1050 2456 κύριος
1071 2375 1237 2447 corrupte.

300 2455 435 2545 8)ίίςθ’
460 2458 478 2532 ὁ
501 2465 696 2544 κίνδυνος
718 2468 801 2548 ctc.]
846 2470 932 2533 Tota
952 2469 1031 2531 haec
1050 2465 1201 2550 periodus
1225 2469 1278 2531 de·

361 2580 410 2631 est
430 2568 462 2632 in
485 2569 560 2633 Ald.
579 2570 609 2631 1.
634 2581 760 2651 etpost
781 2573 865 2638 ἕίναι
886 2565 995 2662 κύριοι
1016 2570 1157 2654 seqnitur
1171 2563 1279 2637 πολλοί

351 2665 613 2762 παραλείπομεν.
656 2672 812 2754 Suppleut
832 2672 974 2738 lacunam
995 2673 1104 2738 Havn.
1145 2673 1222 2737 Ald.
1246 2673 1278 2736 λ.

363 2775 459 2838 Μοη.
483 2771 591 2838 Casel.
614 2786 645 2838 et
666 2775 776 2838 Loud.
804 2779 811 2795 ''

298 2871 360 2956 th)
388 2875 659 2958 πείθεσθαι]
694 2877 899 2942 Scribendum
921 2877 1046 2942 videtur
1073 2888 1127 2941 aut
1155 2873 1213 2945 διὰ
1241 2873 1278 2944 τὸ

359 2979 549 3046 πείθεσθαι
571 2991 624 3043 aut
644 2975 851 3069 πειθόμενοι.
887 2980 960 3062 (0.)
996 2983 1109 3065 Neque
1130 3002 1210 3045 vero
1232 2973 1278 3044 iic

250 3124 255 3132 -
360 3082 506 3166 procedit
527 3083 734 3170 constructio.
779 3084 916 3168 Namlsi
943 3083 1065 3170 iungis,
1106 3077 1164 3149 Ἐν
1184 3085 1222 3150 δέ
1242 3094 1278 3169 γε

360 3185 637 3278 παραλείποιμεν,
659 3186 758 3250 deerit
769 3179 931 3269 apodosis.
976 3185 1010 3251 Si
1024 3186 1277 3272 propositionem

359 3288 564 3373 principalem
585 3288 694 3353 statuis
715 3287 989 3379 παραλείποιμεν,
1018 3288 1117 3353 deerit
1135 3283 1277 3373 'protasis
1369 3289 1370 3294 ’

359 3390 506 3456 inchoata
525 3415 585 3475 per
605 3392 791 3477 particulam
817 3393 854 3460 εἰ.
891 3393 1006 3455 Subest
1028 3390 1126 3478 igitur
1147 3391 1278 3475 aliquod

359 3497 515 3558 mendum.
559 3495 724 3560 Excidisse
746 3494 862 3582 aliquid
882 3493 997 3558 iudicat
1021 3495 1113 3559 etiam
1134 3496 1275 3578 pendens
1367 3529 1368 3590 j

357 3597 435 3660 illud
454 3604 514 3683 μὲν
533 3585 609 3680 post
629 3598 827 3665 πείθεσθαι.
862 3598 974 3680 (Casp.
995 3596 1114 3676 Orell.)
1230 3595 1234 3602 '

295 3700 328 3779 9)
357 3706 424 3789 καὶ
455 3695 525 3766 διὰ
558 3697 601 3766 τὸ
636 3695 733 3777 τοὺς
764 3699 849 3780 etc.']
894 3699 1001 3767 Casel.
1037 3706 1093 3769 nal
1126 3697 1182 3768 διὰ
1216 3699 1275 3767 τοῦ

356 3798 443 3880 τοὺς.
475 3802 579 3876 Male,
604 3823 674 3865 cum
695 3801 902 3886 praecesserit
923 3809 978 3880 noe*
999 3799 1056 3872 διὰ
1077 3799 1116 3872 τὸ
1136 3798 1275 3892 βουλαί·

359 3907 504 3972 caudae.
549 3905 621 3985 (Ο.)

1361 4101 1364 4216 l
