2758 4790
1048 451 1109 514 173

108 618 322 683 testimoninm
344 619 514 698 praebent,
538 639 597 682 nos
621 628 862 683 contraeuntes
885 642 926 682 ex
948 619 1112 703 disciplina

104 721 207 784 divini
228 719 394 787 Iamblichi
424 721 565 786 diversas
596 720 786 805 cognitionis
817 744 978 800 menstpas
1004 723 1112 788 distin·

101 837 243 909 gerentes
265 823 403 888 dicemus
416 869 432 919 ⁹.
455 846 529 887 cum
551 823 694 909 cognitio
715 826 851 889 medium
873 826 949 909 quid
970 827 1010 892 sit
1030 828 1113 894 inter

99 931 196 1011 ,quod
217 927 408 1013 cognoscit,
443 939 475 990 et
497 930 585 1010 quod
607 929 813 1012 cognoscitur
841 932 902 1010 (est
924 929 1006 994 enim
1029 931 1112 996 actio

102 1032 329 1116 cognoscentis
367 1031 453 1092 circa
487 1029 521 1093 id
553 1033 640 1114 quod
675 1032 881 1115 cognoscitur
913 1033 995 1098 sicut
1026 1033 1110 1098 actio

105 1133 192 1197 visus
216 1147 264 1197 est
286 1133 370 1196 circa
392 1131 517 1212 album)
552 1133 708 1196 interdum
736 1133 789 1196 illa
811 1134 921 1198 melius
943 1137 1113 1222 cognoscit

102 1238 136 1300 id
157 1240 245 1320 quod
268 1235 493 1322 cognoscitur,
532 1257 626 1319 quam
653 1248 701 1298 est
722 1237 770 1300 rei
791 1242 1032 1323 cognoscendae
1054 1261 1110 1304 na-

105 1354 193 1417 tura,
225 1341 381 1416 interdurn
403 1339 510 1422 peius,
542 1339 698 1403 interdum
718 1339 875 1422 pariliter.
935 1343 1017 1404 Nam
1039 1365 1111 1406 curn

103 1455 239 1509 mentem
261 1455 402 1508 nostram
425 1465 477 1506 res
501 1442 608 1506 civiles
630 1455 818 1506 tractantem
841 1444 970 1508 dicimus
987 1467 1111 1530 cogno-

101 1570 193 1610 scere
226 1569 277 1612 res
310 1547 450 1633 singulas
480 1547 648 1610 referendo
682 1567 734 1609 eas
767 1549 807 1610 ad
834 1547 1040 1625 universalia,
1079 1561 1112 1611 ct

101 1674 160 1736 per
182 1655 262 1714 haec
283 1664 317 1714 ut
339 1651 400 1715 sibi
419 1650 569 1734 proprias
590 1650 666 1713 istas
695 1650 763 1712 illas
785 1651 969 1734 perspicere
992 1673 1110 1715 conan-

101 1759 166 1833 do,
207 1768 293 1820 certe
322 1755 375 1818 hic
402 1753 618 1839 cognitionem
641 1753 778 1817 dicemus
801 1754 1052 1836 essepotiorem
1072 1776 1110 1819 re

101 1858 253 1945 cognita,
289 1859 443 1944 siquidem
471 1857 634 1940 partibiles
665 1868 697 1919 et
723 1858 757 1920 in
786 1856 957 1921 mutatione
987 1857 1109 1939 positae

101 1984 152 2026 res
181 1963 342 2048 singulae:
387 1976 419 2026 at
450 1962 532 2026 ratio
568 1982 629 2043 per
661 1963 755 2043 quam
783 1981 870 2023 mens
903 1959 1006 2024 activa
1033 1960 1109 2025 istas

101 2067 224 2142 noscit,
247 2065 446 2148 impartibilis
469 2077 564 2148 atquc
587 2062 800 2127 immutabilis.
844 2063 909 2127 Ubi
924 2085 1004 2127 vero
1019 2087 1106 2128 mens

99 2171 187 2234 in‘se
211 2191 390 2246 conversa,
426 2182 458 2234 et
479 2169 651 2233 secundum
673 2167 806 2230 virtutes
830 2187 965 2248 operans
987 2189 1107 2252 purga·

91 2273 194 2338 'trices
212 2294 312 2343 ,suam
342 2269 496 2356 conspicit
524 2271 745 2347 substantiam,
783 2281 859 2332 tunc
886 2269 1019 2353 parilem
1051 2293 1106 2335 ne-

99 2399 188 2442 cesse
210 2389 349 2440 estesse
372 2376 586 2462 cognitionem
609 2398 679 2438 cum
700 2395 741 2438 eo
772 2376 858 2458 quod
887 2374 1106 2460 cognoscitur.

100 2481 165 2546 Ubi
186 2501 266 2545 vero
294 2501 382 2544 mens
411 2482 518 2543 eadem
546 2481 697 2542 scandens
727 2480 766 2540 ad
798 2498 873 2541 suae
902 2477 1108 2566 perfectionis

97 2584 282 2670 fastigium,
308 2597 340 2647 et
361 2583 621 2666 contemplativas
642 2581 777 2645 virtutes
798 2592 937 2645 tractans
960 2581 1104 2664 specula·

97 2700 150 2751 tur
179 2709 216 2752 ea
248 2709 328 2772 quae
360 2691 399 2750 ad
427 2687 547 2750 dismas
581 2684 826 2772 gubernationes
855 2684 1034 2766 pertinent,
1074 2695 1105 2752 et

98 2815 163 2876 quo
186 2794 283 2856 modo
305 2791 377 2855 illae
399 2811 508 2854 omnes
531 2811 572 2854 ex
594 2811 659 2853 uno
682 2789 840 2855 communi
862 2788 1001 2853 omnium
1015 2786 1104 2872 prin·

97 2894 183 2978 cipio
215 2897 415 2978 procedant,
453 2905 484 2958 et
513 2915 593 2978 quae
622 2893 773 2976 cuiusque
800 2892 1002 2975 proprietas,
1040 2899 1106 2955 tum

97 3019 229 3064 necesse
251 3010 299 3062 est
321 2997 536 3084 cognitionem
558 2995 750 3060 deteriorem
773 3016 841 3058 esse
871 3016 910 3059 eo
940 2979 1107 3078 quod'co·

99 3102 280 3188 gnoscitur.
339 3104 429 3166 Haec
452 3124 521 3164 cum
543 3101 588 3164 ita
608 3121 641 3163 se
670 3101 838 3172 babeant,
867 3097 1030 3162 dicendum
1059 3108 1107 3161 est

97 3206 189 3270 Deos
210 3224 306 3269 nosse
329 3206 460 3290 quidem
477 3204 581 3270 omnia
609 3225 689 3287 quae
721 3203 811 3266 suere
845 3213 876 3264 et
905 3222 985 3284 qliae
1015 3213 1104 3276 sunt,

87 3321 143 3372 =etv
159 3329 240 3392 quae
268 3309 430 3373 imminent
459 3321 511 3372 aut
541 3320 693 3373 eventura
722 3317 811 3380 sunt,
836 3313 891 3368 'eo
924 3305 1021 3366 modo
1051 3291 1124 3385 qui‘

85 3412 169 3478 ¹Dies
193 3413 377 3488 conveniat,
416 3414 479 3476 hoc
506 3425 636 3475 estune
658 3433 695 3474 ac
717 3407 901 3472 definita‘ac
921 3405 1105 3469 immutabili

97 3516 295 3601 cognitione,
320 3518 402 3579 unde
425 3527 455 3577 et
477 3537 584 3578 rerum
607 3513 788 3596 ancipitium
811 3509 1025 3596 cognitionem
1048 3529 1104 3574 eos

97 3619 290 3700 complecti,
330 3632 364 3682 ut
387 3619 441 3703 qui
463 3619 568 3684 omnia
590 3639 669 3701 quae
692 3617 724 3679 in
738 3615 871 3678 'Mundo
894 3624 966 3676 sunt
978 3658 987 3688 ,
1025 3633 1104 3695 pro-

97 3724 231 3799 ducant,
278 3734 309 3786 et
345 3745 452 3786 rerum
491 3705 688 3786 aeternarum
726 3718 836 3782 unicae
873 3716 933 3782 sint
970 3735 1100 3790 causae,

98 3846 212 3920 eorum
241 3848 321 3890 vero
355 3848 435 3910 quae
466 3825 638 3912 gignuntur
668 3843 779 3884 causae
803 3819 967 3884 adiutrices
990 3839 1102 3882 secun·

100 3932 173 3992 dum
196 3930 345 4012 proprias
369 3930 481 4014 cuique
504 3951 614 3993 eorum
638 3925 856 4010 operationes,
895 3934 926 3985 et
955 3934 1101 4006 tanquam

84 4033 153 4116 ·qni
174 4022 407 4118 introspectent
429 4055 493 4100 non
514 4044 633 4097 tantunt
663 4051 768 4094 rerum
796 4025 1007 4102 substantias,
1047 4025 1102 4092 sed
1178 4105 1182 4111 .
