2828 4792
1112 369 1151 434 53

143 542 225 604 sicut
233 539 363 603 aliarum
374 561 480 604 rerum
492 541 640 605 naturain
652 541 717 606 aliis
724 542 970 624 proprietatibus
979 541 1146 623 positaest,

142 657 178 708 ut
203 644 352 706 animanti
370 644 404 706 in
427 644 567 714 motione
591 646 811 727 exappetitu,
847 643 914 729 igni
935 644 966 708 in
989 644 1096 706 calore
1118 656 1150 705 ct

141 747 182 818 ,vis
195 747 398 812 calefaciente
411 781 424 824 ,1
444 760 475 811 et
497 747 547 810 sio
563 747 595 809 iu
619 748 768 822 caeteris,
799 747 842 810 ita
860 747 979 810 h‘omini
997 746 1030 808 in
1048 746 1147 810 ratio-

67 873 71 880 ·
142 849 189 913 nis
208 849 401 932 principatu.
447 851 521 913 Hoc
539 863 642 914 autem
659 851 741 912 idem
755 851 838 912 valet
858 851 990 933 quodin
1012 849 1147 930 sepriu-

141 952 260 1034 cipium
278 955 396 1016 habere
411 953 615 1038 aggrediendi
635 953 751 1036 aliquid
769 954 820 1016 vel
832 975 905 1016 -non
928 951 1145 1036 aggrediendi.

141 1057 234 1120 Haec
260 1055 343 1119 enim
365 1057 428 1120 duo
450 1057 532 1120 idern
554 1067 644 1132 sunt,
683 1068 713 1118 et
731 1055 785 1139 qui
802 1057 865 1118 hoe
883 1055 1061 1130 sustulerit,
1084 1056 1145 1122 ho—

140 1158 255 1221 minem
285 1159 457 1226 sustulerit.
502 1159 660 1232 Videntur
685 1171 788 1220 atatem
811 1158 856 1220 illi
878 1158 997 1222 omissa.
1013 1157 1143 1222 rationis

140 1261 300 1344 mentione
323 1261 500 1324 libertatem
521 1281 642 1344 ponere
670 1260 701 1324 in
731 1241 887 1343 appetitus
914 1261 1071 1337 motione,
1111 1273 1143 1324 et

138 1367 211 1426 dum
225 1363 403 1428 libertatem
426 1363 510 1428 aiunt
531 1373 594 1430 n'on
618 1385 687 1428 esse
711 1363 743 1426 in
766 1363 798 1426 vi
819 1363 1058 1438 consultatrice,
1083 1365 1143 1426 fal-

137 1467 216 1532 lacia
245 1468 403 1548 procedit.
468 1470 551 1532 Nam
580 1470 618 1530 de
655 1467 812 1550 appetitus
840 1466 980 1530 motione
1009 1478 1142 1548 possunt

138 1569 241 1633 dicere
267 1591 305 1633 ea
333 1592 412 1655 quae
441 1570 486 1634 sic
512 1573 591 1634 finnt
619 1591 687 1634 esso
711 1569 962 1633 inanimantium
984 1568 1155 1651 potestate

137 1681 177 1736 eo‘
194 1675 283 1756 quod
300 1673 464 1738 animantia
488 1675 554 1738 nori
566 1674 689 1756 possint
706 1673 772 1736 sine
795 1673 850 1734 tali
872 1671 1012 1736 motione
1033 1694 1069 1734 ea
1091 1672 1139 1736 sa·

136 1797 209 1838 cere
224 1799 306 1859 quae
320 1799 379 1859 per
397 1776 561 1840 animantia
581 1777 672 1838 finnt.
697 1777 794 1858 Quod
815 1774 842 1838 si
858 1775 1034 1839 libertatem
1056 1775 1139 1838 illam

134 1891 292 1959 ponerent
313 1879 345 1942 in
368 1880 619 1957 consultatione,
654 1881 716 1944 iam
734 1879 794 1942 illis
813 1901 876 1942 non
898 1880 1086 1960 procederet
1108 1878 1140 1942 id

136 1985 223 2064 quod
242 1982 344 2059 aiunt,
369 2005 434 2046 non
455 2000 551 2066 posse
569 2005 649 2066 quae
669 2003 728 2065 per
745 1982 903 2046 hominem
921 1982 1017 2058 fiunt,
1049 1981 1139 2044 aliter

134 2085 216 2162 lieri,
241 2087 326 2169 quia,
351 2089 449 2150 homo
472 2109 648 2169 quanquam
670 2085 709 2148 sit
732 2098 822 2165 aptus
845 2087 883 2146 ad
901 2087 1138 2156 consultandmu

134 2211 197 2252 non
222 2200 327 2252 tamen
357 2188 462 2253 omnia
490 2209 570 2272 quae
598 2209 657 2270 per
677 2189 780 2268 ipsum
805 2199 959 2273 aguntur,
998 2188 1075 2251 fiunt
1097 2211 1136 2252 eo

134 2293 344 2356 consultante.
390 2293 465 2356 Non
481 2290 561 2354 enim
578 2311 651 2355 sane
671 2292 773 2356 omnia
789 2313 868 2374 quae
883 2291 1033 2367 facimus,
1059 2312 1136 2353 con-

132 2395 202 2458 silio
224 2394 378 2478 facimus,
411 2397 466 2458 sed
483 2417 576 2478 saepe
598 2395 728 2461 facimus
750 2417 814 2459 non
836 2396 1009 2459 deliberato
1027 2395 1132 2476 prius,

130 2496 204 2579 quia
230 2496 274 2560 ita
295 2497 405 2580 rapida
424 2510 471 2560 est
494 2498 630 2561 faciendi
655 2498 803 2576 occasio,
842 2512 961 2561 utnon
984 2501 1135 2563 concedat

130 2614 254 2684 tempus
269 2614 388 2684 quanto
404 2605 443 2665 ad
457 2603 695 2666 consultandum
717 2614 764 2664 est
779 2624 872 2684 opus.
918 2603 1019 2682 Saepe
1043 2602 1134 2666 etiam

130 2725 188 2786 per
200 2704 349 2768 desidiam
358 2697 498 2768 nostram
506 2717 558 2767 aut
572 2705 631 2768 alia
646 2709 683 2768 de
699 2728 793 2770 causa
804 2705 836 2768 id
850 2704 971 2767 accidit.
997 2707 1093 2787 erod
1107 2709 1133 2770 si

129 2829 207 2890 quae
230 2807 361 2870 iacimus
377 2808 436 2870 alia
450 2807 530 2872 fiunt
546 2831 586 2870 ex
598 2810 753 2885 consilio,¹
763 2809 820 2872 alia
833 2810 898 2871 sine
909 2809 1053 2886 consilio,
1070 2811 1130 2874 iam

129 2911 259 2992 amplius
283 2909 387 2974 dicere
399 2932 462 2974 non
478 2910 551 2973 licet
563 2935 642 2995 quae
657 2935 715 2994 per
731 2912 888 2976 hominem
899 2914 989 2989 fiunt,
1013 2914 1084 2976 ideo
1099 2915 1129 2978 in

127 3025 285 3095 potestate
305 3033 373 3076 esse
398 3013 551 3091 hominis,
591 3018 679 3098 quod
699 3015 789 3076 aliter
806 3037 865 3096 per
885 3017 1028 3080 homines
1054 3017 1130 3080 nihil

126 3117 193 3180 lieri
207 3115 326 3198 possit.
370 3119 451 3182 Nam
478 3116 504 3180 si
527 3139 606 3200 quae
628 3117 770 3192 facimus,
794 3119 907 3199 partim
931 3121 1061 3184 facimus
1088 3103 1128 3183 ex

127 3219 282 3296 consilio,
319 3219 434 3301 partim
462 3220 528 3284 sine
558 3221 713 3296 consilio,
751 3243 816 3284 uon
837 3221 898 3284 iam
922 3224 1024 3286 omnia
1048 3246 1127 3305 quae

125 3323 265 3387 facimus·
289 3343 354 3386 rano
385 3323 463 3389 liunt
496 3327 612 3402 modo,
652 3325 732 3389 sicut
768 3325 846 3386 fiunt
879 3346 958 3408 quae
988 3347 1046 3406 per
1067 3326 1127 3390 alia

124 3425 203 3488 fiunt
232 3425 414 3501 animantia,
454 3427 505 3489 vel
534 3449 592 3507 per
619 3428 724 3513 ignem
757 3428 807 3489 vel
835 3441 894 3509 per
923 3427 1034 3510 gravia
1063 3433 1126 3494 duo

125 3551 277 3611 corpora.
330 3530 426 3610 Quod
455 3529 482 3591 si
511 3529 636 3594 indilam
666 3553 684 3596 a
710 3543 821 3593 natura
848 3532 998 3593 habemus
1015 3533 1125 3608 'sacul-

124 3643 217 3712 tatem
242 3632 359 3714 aliquid
380 3633 513 3696 faciendi
536 3655 576 3695 ex
599 3633 750 3710 consilio,
783 3635 977 3698 nranifestuur
1001 3649 1047 3698 cst
1068 3639 1124 3698 ha-

123 3738 198 3800 bene
232 3758 292 3800 nos
327 3737 418 3801 etiam
451 3736 630 3808 facultatem
664 3758 703 3798 ex
741 3738 872 3801 consilio
901 3739 1012 3822 agendi
1043 3740 1125 3806 aliud

124 3840 214 3921 quid,
241 3852 272 3906 et
293 3839 359 3908 non
382 3839 520 3906 districte
541 3841 606 3912 hoc
626 3861 737 3918 unum,
764 3843 849 3926 quod
864 3843 1040 3908 consultato
1065 3864 1122 3909 vo.

120 3944 264 4012 luimus..··
332 3957 333 3960 ’
