2782 4790
1059 421 1118 473 tot

114 580 190 638 num
213 588 245 639 et
266 580 353 660 quod
371 577 444 640 'lieri
464 599 527 640 non
550 577 668 658 possit,
706 565 883 664 negandum
905 591 973 654 ost,
1009 599 1120 661 nempe

115 691 229 742 curiora
252 679 334 747 Fato
357 678 442 756 fieri,
467 684 549 746 uude
571 693 694 742 caetera
715 680 769 744 illa
790 684 1013 764 sequebantur.

525 887 713 950 XXXVII.

179 987 353 1054 Videamus
375 1001 478 1052 autem
498 1002 529 1052 et
549 990 681 1052 alterum
702 1011 819 1054 nexum
835 992 1122 1077 interrogationum

113 1111 209 1173 quem
230 1091 371 1167 faciunt,
411 1103 442 1154 et
472 1114 575 1157 annon
602 1095 735 1162 eundem
763 1094 881 1156 exitum
906 1097 1031 1158 habeat.
1089 1096 1122 1158 Is

112 1194 184 1257 talis
215 1206 280 1258 est:
320 1195 355 1257 Si
383 1217 447 1258 non
476 1197 559 1258 Fato
587 1196 674 1266 fiunt¹
695 1196 817 1271 omnia,
855 1218 921 1270 non
949 1209 997 1260 est
1018 1197 1124 1260 mundi

113 1296 307 1380 gubernatio
328 1297 418 1374 talis,
458 1320 537 1380 quae
559 1298 725 1380 prohiberi
746 1299 953 1383 impedirique
974 1313 1123 1383 nequeat.

113 1399 213 1480 Quod
235 1400 262 1462 si
282 1401 410 1463 hoe-ita
432 1403 593 1477 sehabet,
618 1423 682 1466 non
703 1414 750 1466 est
769 1403 921 1478 Mundus,
945 1401 973 1464 si
983 1401 1124 1464 Mundus

15 1581 16 1584 Ἴ
110 1515 268 1581 nonest,
303 1523 362 1565 nec
384 1504 439 1568 Dii
459 1517 543 1567 sunt.
589 1505 623 1568 Si
645 1527 724 1570 vero
746 1503 801 1568 Dii
821 1517 916 1583 sunt,
941 1517 1013 1568 sumt
1033 1503 1123 1568 boni.

113 1605 147 1669 Si
169 1606 249 1671 honi
271 1619 361 1684 sunt,
401 1621 448 1670 est
471 1609 584 1671 virtus.
637 1608 671 1672 Si
693 1621 740 1672 est
763 1608 886 1686 virtus,
925 1620 973 1672 est
994 1619 1026 1670 et
1046 1629 1124 1690 pru-

112 1709 230 1772 dentia.
277 1709 312 1772 si
333 1723 379 1774 est
401 1711 586 1793 prudentia,
611 1724 659 1774 est
682 1731 761 1796 ergo
784 1711 925 1796 cognitio
948 1733 1054 1774 rerum
1075 1711 1124 1775 la-

114 1813 298 1876 ciendarum
322 1824 352 1874 et
373 1821 438 1876 'non
459 1815 686 1878 faciendarum.
730 1811 905 1878 Faciendae
928 1827 1031 1878 autem
1052 1827 1125 1876 sunt
1195 1862 1202 1870 ,

112 1916 280 1992 actiones,
314 1937 394 1999 quae
426 1929 512 1980 recte
542 1939 575 1982 se
603 1920 741 1992 habent;
777 1939 841 1982 non
862 1917 1022 1980 faciendae
1044 1939 1123 1980 vero
1184 1977 1188 1984 a

111 2041 186 2096 eae,
211 2019 243 2080 iu
266 2019 379 2102 quibus
401 2033 646 2101 peecatum'est.
693 2020 842 2102 Sequitur
864 2041 944 2104 ergo
967 2020 1027 2083 uisi
1041 2021 1123 2083 Fato

111 2123 190 2184 liant
213 2122 335 2198 omnia,
362 2123 437 2184 nihil
459 2135 547 2185 recte
568 2123 661 2200 fieri,
696 2123 774 2184 nihil
794 2123 933 2204 peccari.
976 2123 1023 2186 At
1045 2143 1124 2206 quae

112 2213 200 2288 recte
222 2225 303 2287 fiunt
324 2226 478 2301 honesta,
503 2239 633 2308 peccata
655 2226 780 2308 turpia:
803 2229 936 2290 honesta
957 2247 1037 2290 vero
1056 2226 1124 2288 lau-

112 2328 254 2404 dabilia,
272 2329 353 2420 mala
374 2329 607 2410 vituperabilia.
654 2328 804 2412 Sequitur
826 2351 929 2413 erg0,
960 2308 1019 2391 nisi
1041 2329 1122 2392 Fato

112 2433 190 2497 fiant
213 2454 340 2508 omma,
371 2432 448 2494 nihil
471 2453 540 2496 esse
563 2436 649 2516 quod
671 2433 711 2496 sit
732 2433 887 2494 laudabile
909 2443 940 2493 et
962 2427 1123 2512 vitupera·

111 2536 188 2598 bito.
250 2535 353 2618 Atqui
380 2547 452 2598 sunt
484 2533 677 2600 laudationes
698 2549 743 2597 'et
776 2534 1036 2616 vituperationes.¹
1080 2536 1123 2598 Et

112 2660 194 2722 quae
227 2639 388 2702 laudamus
416 2639 560 2721 praemio
594 2639 761 2713 afficimus;
798 2658 878 2721 quae
910 2636 1123 2718 vituperamus

113 2763 148 2804 ea
170 2742 317 2826 punimus
341 2753 372 2804 et
401 2743 456 2825 qui
482 2743 655 2825 praemium
685 2745 758 2818 dat,
781 2743 907 2804 honore
929 2739 1041 2813 afficit;
1070 2740 1125 2824 qui

112 2846 225 2930 punit,
275 2849 430 2911 emendat.
497 2846 659 2910 Cohaeret
692 2867 772 2930 ergo
807 2844 911 2907 omnia
944 2846 1026 2907 Fato
1059 2865 1123 2907 uon

113 2950 208 3026 fieri,
249 2963 280 3012 et
309 2950 409 3012 nullas
441 2971 509 3012 esse
537 2949 726 3012 tributiones
754 2952 913 3012 honorum
935 2960 966 3009 et
989 2947 1132 3031 castiga-.

111 3054 247 3136 tiones.¹
274 3053 338 3116 Hic
360 3075 440 3137 ergo
463 3075 569 3115 sermo
592 3073 633 3114 ex
655 3055 765 3138 eadem·
785 3055 943 3114 desumtus
965 3051 1139 3132 palaestra

113 3179 173 3238 per
195 3159 304 3220 eadem
327 3177 407 3238 quae
430 3151 585 3231 diximus,
622 3155 693 3218 salsi
716 3154 935 3218 convincetur.
981 3155 1124 3218 Primum

113 3260 195 3324 enim
219 3259 287 3342 quis
310 3259 403 3322 facile
419 3259 611 3322 concesserit
625 3259 720 3320 illud:
746 3257 815 3322 Nisi
831 3258 913 3320 Fato
928 3257 1005 3318 liant
1020 3255 1123 3320 omnia

114 3385 180 3426 non
203 3375 251 3425 est
264 3361 379 3424 Mundi
401 3363 603 3446 gubernatio,
629 3383 709 3445 quae
731 3359 896 3443 prohiberi
916 3353 1122 3448 impedirique

112 3465 271 3549 nequeat?
294 3465 390 3528 Fiunt
412 3465 493 3528 enim
516 3468 667 3548 quaedam
691 3487 732 3527 ex
746 3462 946 3538 necessitate,
972 3464 1123 3545 quaedam

118 3581 234 3632 eventu
269 3569 438 3652 ambiguo,
478 3581 509 3630 et
537 3569 651 3632 horum
681 3570 832 3651 quaedam
863 3588 922 3648 per
957 3578 1121 3640 naturam,

114 3661 266 3756 quaedam
287 3695 330 3734 ex
353 3673 466 3735 dilectu
489 3684 519 3734 et
541 3671 681 3746 ratione,
707 3673 859 3754 quaedam
882 3669 1038 3752 appetitus
1054 3690 1122 3732 nro·
1215 3669 1219 3674 “

113 3776 218 3838 tione:
243 3777 394 3858 quaedam
418 3788 470 3837 aut
491 3775 577 3838 sorte
599 3775 727 3838 fortuna
749 3785 803 3836 aut
825 3795 911 3836 casu.
956 3773 1046 3834 Haec
1068 3793 1122 3832 au-
1180 3789 1183 3794 “

114 3891 176 3942 tem
206 3879 311 3942 omnia
342 3899 401 3959 per
433 3901 527 3956 unum
560 3879 673 3942 Fatum
704 3861 870 3960 tolluntur,
936 3877 1010 3952 Non
1043 3895 1123 3958 ergo

116 3995 219 4046 manet
251 3981 313 4044 iam
334 3982 450 4044 Mundi
480 3979 668 4074 gubernatio
702 3979 964 4060 iruprohihitaet
997 3971 1122 4038 minimo
