2782 4790
1087 369 1126 446 aa

122 537 267 600 similiter
289 548 342 599 aut
364 535 456 598 etiam
477 537 541 600 hoc
563 536 695 618 amplius
722 537 897 602 taceremus
920 539 1003 602 cirea
1027 539 1127 603 uirtu-

121 653 195 716 tes,
220 639 248 702 si
272 639 428 722 aliquibus
451 659 469 700 a
490 650 602 702 natura
623 642 785 703 adessent:
810 640 954 709 nimirum
977 641 1057 707 sicut
1077 643 1126 705 sa-

121 745 222 806 cimns
245 763 324 828 erga
345 741 447 806 Deos.
507 740 588 806 Cum
612 743 746 807 veroid
773 744 843 808 fieri
870 758 1030 828 nequeat,
1069 766 1127 808 nee

122 847 155 908 id
177 847 268 930 quod
293 845 364 908 fieri
395 841 504 927 nequit
526 866 543 906 a
564 855 675 914 natura
707 846 930 929 requirendum
962 848 1004 911 sit
1041 849 1128 930 (ipsa

123 949 206 1014 enim
228 947 294 1012 eius
319 951 405 1031 quod
426 947 496 1012 fieri
517 959 624 1033 potest
647 960 698 1011 aut
727 969 792 1014 non
820 963 948 1032 potest,
984 973 1128 1016 mensura

122 1064 181 1128 est,
206 1052 308 1116 virtus
324 1051 449 1135 quidem
465 1050 693 1115 consummatio
717 1064 764 1115 est
786 1065 817 1114 et
838 1075 1019 1134 supremum
1041 1059 1128 1138 quod

125 1155 277 1240 cuiusque
325 1165 436 1220 natura
482 1152 654 1238 pertingit)
697 1153 768 1218 fieri
801 1168 916 1246 ‘autem
949 1158 1055 1240 neqrrit
1091 1171 1126 1222 ut

121 1261 207 1342 quod
236 1258 418 1322 inchoatiuu
454 1269 501 1320 est
533 1269 670 1334 tantum,
709 1259 1009 1322 consummationem
1039 1283 1126 1324 suam
1182 1313 1184 1318 .

120 1364 256 1424 lrabeat:
291 1361 472 1424 inchoatum
509 1373 611 1424 autem
645 1361 791 1444 quiddam
826 1373 873 1424 est
895 1361 1031 1444 quidque
1054 1385 1124 1426 cum

120 1465 256 1548 primum
270 1464 426 1539 nascitur,
451 1465 594 1546 sequitur
615 1476 650 1526 ut
672 1464 772 1540 virtus
796 1485 866 1527 eum
888 1465 1014 1528 homine
1037 1465 1123 1530 nasei

119 1562 268 1651 nequeat.
315 1569 362 1631 At
388 1589 453 1630 non
481 1580 583 1630 tamen
613 1580 724 1630 natura
752 1567 828 1631 nihil
857 1570 897 1632 ad
925 1569 1015 1630 huius
1045 1568 1123 1632 boni

119 1671 319 1754 adeptionem
341 1671 478 1734 confert.
530 1671 594 1734 Sed
614 1671 709 1734 habet
732 1673 771 1732 ab
793 1670 862 1753 ipsa
883 1673 980 1734 homo
1004 1671 1121 1753 aptitu·
1150 1667 1151 1672 ’

117 1773 221 1838 dinem
243 1786 274 1837 et
294 1775 497 1849 facultatem,
528 1795 588 1855 per
610 1795 702 1856 quam
725 1773 867 1856 accipere
890 1774 1038 1837 virtutem
1059 1783 1120 1856 po·

117 1890 196 1954 test,
222 1897 304 1962 quae
318 1876 460 1959 aptitudo
476 1877 553 1940 nulli
569 1876 620 1939 alii
628 1877 746 1940 tributa
759 1888 806 1938 est
821 1876 978 1940 animanti.
1003 1879 1045 1940 Et
1056 1879 1123 1942 hoc

117 1982 211 2044 estin
226 2001 291 2064 quo
304 1981 402 2044 homo
421 2002 438 2041 a
453 1980 584 2042 caeteris
599 1979 803 2042 animantibus
816 1979 999 2044 naturaliter
1011 1980 1117 2056 distat,

119 2107 187 2146 cum
198 2083 232 2146 in
246 2083 350 2146 multis
367 2081 539 2146 commodis
556 2084 595 2142 ad
610 2103 726 2162 corpus
746 2053 972 2164 pertinentibus
996 2083 1035 2144 ab
1051 2084 1118 2146 ani·

118 2187 272 2250 mantibus
288 2186 355 2248 aliis
371 2186 527 2249 vincatur.
551 2185 647 2265 Quod
661 2185 687 2248 si
702 2187 785 2247 hanc
799 2184 1001 2265 aptitudinem
1016 2183 1117 2247 virtu·

117 2303 181 2352 tum
204 2310 352 2372 capacem
374 2289 419 2351 sie
441 2287 667 2370 accepissemus
691 2311 709 2350 a
737 2299 847 2352 natura
860 2334 880 2363 ‚.
907 2299 942 2350 ut
962 2309 1116 2370 processu

117 2393 225 2456 aetatis
242 2391 521 2456 consummationes
536 2392 629 2466 sacti,
653 2392 695 2454 ita
711 2413 778 2454 eain
801 2392 1013 2472 acciperemus
1036 2391 1117 2454 sicut

116 2498 178 2559 vim
194 2495 382 2571 ambulandi,
396 2495 476 2558 sicut
484 2498 604 2571 dentes,
621 2495 701 2556 sicut
713 2496 843 2556 barbam
856 2493 1037 2575 accipimus,
1063 2507 1116 2558 aut

115 2601 172 2664 alia
195 2620 276 2683 quae
297 2597 389 2661 nobis
412 2620 471 2681 per
492 2610 634 2660 naturam
656 2597 898 2678 superveniunt,
924 2618 961 2658 nc
984 2596 1029 2662 sic
1044 2598 1115 2682 qui·
1161 2625 1162 2628 ¹

115 2707 183 2766 dem
210 2703 243 2765 in
269 2713 380 2766 nostra
410 2712 569 2784 potestate
598 2712 701 2764 essent
734 2699 888 2780 virtutes,
927 2722 990 2765 non
1014 2700 1114 2786 magis

116 2819 201 2870 certe
229 2827 322 2888 quam
352 2805 406 2868 illa
435 2824 515 2887 quae
542 2803 603 2866 iarn
625 2803 868 2888 designavimus.
913 2804 1007 2865 Nunc
1035 2824 1114 2878 vero

114 2932 176 2974 non
199 2909 380 2973 istomodo
405 2907 537 2970 virtutes
560 2905 770 2988 adipiscimur.
816 2906 967 2989 Alioquin
989 2905 1016 2968 si
1036 2928 1114 2988 pru·

114 3011 220 3077 dentia
240 3025 272 3075 et
294 3012 394 3076 omnis
417 3011 517 3074 virtus
540 3009 599 3074 alia
619 3007 739 3073 homini
762 3022 898 3092 cognata
920 3021 1023 3084 esset,
1062 3031 1113 3072 eas

115 3130 166 3182 aut
190 3101 298 3181 omnes
327 3114 469 3178 homines
498 3123 550 3175 aut
578 3111 721 3195 plerique
750 3123 1039 3194 consequerentur,
1078 3123 1113 3174 ut

114 3223 173 3284 alia
194 3231 326 3282 naturae
347 3221 449 3290 bona3
482 3238 545 3280 non
568 3216 671 3278 solam
691 3214 916 3296 aptitudinem,
951 3217 1007 3276 sed
1028 3214 1111 3294 ipsas

26 3329 27 3336 ’
115 3326 207 3389 etiam
228 3323 363 3386 virtutes
385 3331 495 3382 natura
516 3321 701 3382 haberemus
730 3319 872 3399 adeoque
899 3317 1000 3378 nullus
1030 3327 1113 3377 esset

114 3441 166 3492 aut
187 3422 419 3490 laudationibus
441 3434 495 3484 ant
527 3421 809 3504 vituperationibus
837 3423 949 3494 locus,
989 3426 1059 3480 ciun
1081 3425 1134 3480 et‘

114 3532 144 3594 in
167 3529 336 3594 virtutibus
359 3538 390 3587 et
410 3525 441 3588 in
464 3523 546 3588 vitiis
576 3547 633 3587 cur
659 3525 691 3587 in
717 3522 850 3588 'homine
882 3533 986 3586 essent
1017 3543 1111 3584 carisa

19 3687 21 3692 .
114 3646 144 3696 et
165 3633 260 3718 origo
283 3654 324 3694 ex
345 3631 447 3694 divina
469 3635 600 3712 quadam
617 3640 703 3692 esset
732 3640 854 3692 natura.
911 3629 958 3692 At
979 3629 1057 3691 vero
1079 3626 1111 3690 id

115 3747 265 3812 nonest,
289 3755 390 3816 neque
412 3734 494 3798 enim
515 3745 567 3796 ant
589 3754 696 3796 omnes
720 3745 772 3794 aut
793 3732 947 3814 plurimos
969 3731 1109 3796 videmus

116 3842 152 3902 ad
173 3840 321 3903 virtutem
342 3838 527 3919 pervenire,
567 3838 652 3919 quod
681 3835 804 3920 signum
826 3848 874 3898 est
897 3858 1006 3900 eorum
1028 3857 1110 3917 quae

116 3941 395 4017 caniturarum,
420 3941 476 4004 sed
496 3942 626 4004 multum
648 3951 695 4002 est
717 3940 844 4002 si'unus
868 3939 977 4023 aliquis
999 3938 1031 4006 id
1053 3941 1114 4002 ad·-
