2782 4790
1050 342 1106 458 γ85

533 561 686 628 XXVII.
719 631 720 634 Ἴ
809 611 813 618 .

189 668 246 733 Ad
272 669 350 730 haec
381 665 427 730 illi
454 665 508 750 qui
539 677 654 752 negant
687 665 819 730 virtutes
847 679 880 730 et
908 666 983 732 vitia
1010 689 1104 752 posse

105 771 224 847 amitti,
247 770 332 836 sorte
354 768 387 832 id
407 779 563 832 sumentes
586 771 674 852 quod
692 769 784 834 facile
806 781 854 836 est
875 770 1001 847 dicent,
1031 772 1104 836 ideo

103 876 212 938 firmas
235 871 329 936 animi
350 871 589 937 constitutiones
608 871 668 934 dici
682 872 715 936 in
729 885 837 937 nostra
852 895 920 937 esse
934 883 1102 957 potestate,

103 978 178 1062 quia
198 975 233 1040 in
260 975 404 1058 ipsorum
435 985 593 1058 potestate
621 974 681 1040 luit
717 997 768 1038 eas
801 975 930 1060 adipisci
962 977 1014 1040 vel
1041 998 1105 1041 non

102 1079 248 1163 adipisci.
305 1079 389 1140 Nam
421 1077 475 1162 qui
502 1077 635 1142 virtutes
668 1077 831 1159 possident
870 1101 942 1142 cum
973 1079 1106 1144 meliora

103 1205 186 1267 quae
207 1198 360 1264 spernere
381 1191 570 1262 potuerant,
599 1179 823 1261 praetulerint,
846 1178 910 1264 ipsi
929 1182 988 1246 sibi
1011 1205 1106 1246 causa

101 1287 234 1350 luerunt
256 1284 525 1368 adipiscendarum
547 1282 717 1358 virtutum,
741 1282 874 1368 parique
898 1287 994 1348 modo
1010 1285 1033 1348 ii
1051 1286 1106 1368 qui

102 1389 180 1452 vitia
202 1381 331 1452 habent.
387 1388 457 1450 Nee
484 1385 642 1467 disparin
671 1384 841 1449 artificibus
869 1385 964 1454 ratio.
1023 1387 1106 1452 Nam

101 1492 259 1557 artifierun
295 1489 427 1574 quisquc
461 1490 643 1572 priusquam
676 1500 776 1552 artem
798 1500 857 1552 'cst
896 1486 1133 1566 consecutuss

101 1594 281 1659 libertatem
302 1592 411 1656 hahuit
432 1591 524 1656 ctiam
551 1612 591 1654 nc
618 1590 689 1654 talis
719 1593 879 1656 evaderet.
937 1592 982 1655 At
1014 1605 1105 1675 post·

104 1719 200 1781 quam
222 1696 294 1760 talis
314 1697 416 1759 factus
440 1705 509 1771 est,
541 1714 605 1757 non
628 1693 758 1776 amplius
780 1693 812 1757 in
833 1706 990 1776 potestate
1011 1697 1107 1758 hahet

104 1822 144 1864 ne
167 1800 273 1864 laetus
296 1798 336 1862 sit
356 1797 439 1860 talis.
483 1797 566 1862 Nam
589 1808 678 1861 ortus
700 1819 807 1860 rerum
828 1797 936 1861 talium
950 1797 982 1860 in
996 1810 1107 1861 nostra

101 1903 251 1966 libertate
284 1912 359 1964 sunt
383 1899 493 1982 positi.
547 1899 599 1962 Ae
630 1911 802 1982 propterea
828 1921 893 1962 uon
922 1897 1029 1963 similis
1046 1907 1107 1964 'est

102 2005 223 2069 veritas
256 2005 295 2066 de
326 2004 422 2066 rebus
454 2001 568 2066 futuris
601 2014 632 2064 et
661 2005 698 2064 de
725 2004 820 2064 rebus
843 2023 923 2086 quae
944 2002 1033 2066 luere
1055 2003 1107 2066 vel

101 2120 189 2172 sunt.
235 2108 318 2170 Nam
339 2107 372 2168 id
393 2106 480 2189 quod
501 2116 554 2166 aut
576 2115 644 2178 est,
669 2116 722 2166 aut
742 2103 823 2179 tuit,
848 2117 883 2167 ut
904 2126 968 2167 non
990 2105 1030 2168 sit
1046 2118 1105 2176 ,aut

102 2235 170 2278 non
197 2209 316 2285 fuerit,
355 2208 425 2271 fieri
451 2205 572 2290 nequit.
629 2207 675 2269 At
708 2206 742 2269 id
774 2209 862 2288 quod
892 2207 1032 2270 futurum
1059 2219 1108 2273 est
1182 2286 1184 2290 ι

103 2326 214 2400 potest
236 2325 267 2376 et
288 2333 352 2377 non
374 2309 455 2374 fieri.
499 2310 607 2390 Quare
628 2319 792 2392 antequam
814 2309 865 2372 hic
886 2311 983 2373 homo
1006 2309 1106 2374 virtu·

104 2431 169 2482 tem
190 2415 388 2500 possideret,
426 2435 537 2488 verum
565 2424 632 2474 erat
664 2412 735 2476 fieri
763 2433 859 2494 posse
888 2424 922 2474 ut
946 2415 1014 2478 'non
1035 2412 1105 2476 talis

104 2524 268 2586 evaderet.
323 2517 420 2597 Quod
451 2526 551 2579 autem
583 2515 620 2577 fit
651 2515 735 2592 tale,
776 2518 813 2578 de
843 2535 882 2578 eo
916 2515 1007 2578 etiam
1036 2537 1107 2578 cum

105 2635 272 2708 peractum
294 2632 362 2696 cst,
387 2640 497 2682 verum
519 2639 644 2700 semper
665 2631 712 2680 est
733 2619 795 2680 tale
815 2617 925 2680 fuisse.
970 2617 1004 2678 Si
1025 2638 1105 2702 ergo

105 2727 161 2812 qui
182 2726 306 2808 probus
328 2734 397 2798 est,
428 2723 467 2784 ab
490 2733 564 2786 ortu
585 2719 654 2783 talis
677 2733 781 2796 esset,
815 2731 846 2783 et
867 2742 932 2783 uon
953 2721 1031 2782 haee
1053 2741 1105 2782 su-

107 2852 167 2914 per
190 2848 272 2912 quae
294 2837 406 2889 natura
426 2823 487 2906 ipsi
509 2823 658 2898 dederat,
683 2823 986 2907 haheretamplius,
1010 2826 1066 2886 sed
1088 2847 1106 2885 a

106 2944 219 2996 natura
244 2941 280 2994 ut
308 2927 368 2992 alia
394 2925 436 2988 ita
457 2938 492 2998 ut
513 2927 577 2988 hoe
609 2926 800 3007 accepisset,
837 2947 900 3006 non
932 2926 1042 2989 suisset
1073 2927 1105 2991 in

107 3045 270 3118 potestate
292 3031 358 3096 eius
381 3051 449 3093 esse
470 3028 580 3104 talem,
604 3049 668 3093 non
690 3028 789 3113 magis
812 3051 905 3112 quam
926 3050 993 3093 esse
1015 3030 1105 3112 bipe-
1160 3099 1163 3106 ‚

108 3141 179 3203 dem
203 3148 256 3200 aut
278 3133 407 3200 rationis
429 3130 625 3216 participem.
659 3131 771 3212 Neque
788 3152 866 3195 vero
881 3132 1000 3195 laudari
1016 3135 1058 3194 oh
1073 3133 1105 3194 id

107 3251 220 3324 posset
242 3240 330 3321 quod
350 3236 419 3299 talis
436 3247 529 3310 esset,
553 3235 608 3297 sed
622 3233 727 3314 potius
740 3245 820 3296 esset
838 3233 1045 3310 admirationi,
1070 3246 1105 3295 ut
1159 3305 1160 3308 Ἴ

110 3344 164 3428 qui
181 3365 199 3407 a
217 3341 321 3406 divina
341 3351 453 3404 natura
471 3340 596 3401 domum
614 3337 675 3400 tale
695 3348 776 3398 esset
796 3348 994 3400 consecutus.
1018 3337 1105 3398 Sicut

107 3447 191 3510 enim
203 3441 451 3508 benevalentium
460 3440 693 3515 eoslaudamus,
708 3437 841 3523 quicum
854 3463 871 3502 a
883 3449 992 3502 natma
1003 3451 1105 3503 essent

108 3547 305 3627 imbecilles,
348 3556 457 3626 suapte
480 3555 610 3606 curant
631 3553 717 3606 recte
739 3542 879 3624 valerent
900 3553 972 3604 sunt
993 3562 1104 3605 conse«

108 3653 190 3730 euti,
228 3651 318 3734 eique
341 3650 471 3710 debeant
492 3647 578 3730 quod
598 3667 663 3708 non
685 3657 861 3729 aegrotant.
905 3645 1027 3709 Ateus
1050 3644 1105 3727 qui

108 3767 222 3820 natura
240 3763 325 3816 sunt
357 3750 423 3814 sani
450 3749 660 3826 etmalorum
687 3761 832 3830 expertes
855 3746 920 3811 sine
950 3769 1007 3810 sua
1029 3769 1105 3814 cura

111 3872 204 3944 atque
228 3877 345 3940 opera,
370 3853 614 3919 conlaudamus
637 3850 778 3934 quidem,
803 3853 859 3914 sed
880 3854 989 3913 beatos
1011 3869 1104 3931 prae-

111 3962 267 4034 dicamus,
306 3969 340 4018 ut
371 3955 424 4038 qui
455 3954 519 4018 sine
551 3955 662 4016 labore
697 3952 728 4018 id
757 3952 824 4017 *sint
856 3953 981 4035 adepti,
1020 3953 1107 4034 quod

111 4063 203 4130 etiarn
227 4044 428 4126 cum'labore
452 4056 502 4122 alii
523 4056 582 4122 sibi
602 4068 727 4142 parttun
752 4053 859 4120 velint.
905 4055 992 4119 Idem
1020 4065 1104 4118 certe
