2804 4786
268 437 331 532 om

346 609 563 690 melsu'orper)
584 627 652 675 csse
671 603 714 700 τὰ
734 607 849 698 πρῶτα
871 603 975 686 eiiam,
993 629 1118 676 consue
1140 613 1270 692 primos

347 717 381 786 et
408 711 577 791 principes
596 713 826 794 generationis
856 713 1030 775 naturalis
1058 733 1170 776 rerum
1198 715 1268 775 exi:

344 812 515 877 olentium.
559 809 638 876 Sunt
659 811 741 875 enim
763 823 795 874 et
815 811 894 874 aliae
915 833 1027 874 causae
1051 812 1265 876 secundariae.

350 905 502 972 Ceterum
524 906 566 977 τὰ
586 916 670 979 θεῖα
690 914 774 994 (scil.
797 908 949 1000 σώματα)
970 915 1004 978 h.
1020 915 1044 978 l.
1067 935 1161 976 sensu
1180 914 1268 979 inso·

351 1011 503 1092 lentiore,
529 1017 567 1077 de
589 1016 766 1094 sideribus,
790 1017 922 1100 planetis
944 1016 1103 1100 inprimis,
1126 1038 1188 1098 pro
1210 1017 1267 1080 diis

349 1115 479 1182 habitis.
525 1118 577 1181 Sic
598 1119 680 1183 infra
704 1119 745 1185 C.
768 1121 886 1187 XXV.
911 1117 1009 1186 ἱκανὰ
1036 1116 1100 1212 γὰρ
1122 1117 1166 1186 τὰ
1185 1123 1270 1186 θεῖοι

348 1223 405 1286 καὶ
426 1213 459 1300 ἡ
471 1215 595 1290 τούτων
614 1219 784 1316 περιφορὰ
805 1219 864 1304 τὴν
885 1225 949 1290 τῶν
972 1227 1150 1309 γινομένων
1171 1223 1204 1289 έν
1225 1221 1271 1316 τῷ

348 1317 461 1414 κόσμῳ
495 1328 661 1413 συνέχειαν
693 1320 894 1418 φυλάσσει-ν,
929 1347 989 1389 nec
1020 1347 1085 1391 non
1118 1319 1269 1390 Geminus

349 1429 388 1492 (1ο
411 1441 575 1512 apparent.
606 1431 737 1498 coelest.
766 1451 843 1514 pag.
870 1429 902 1494 9.
933 1431 984 1493 cd.
1009 1428 1187 1492 Hilderich.
1210 1427 1270 1508 τὴν

348 1527 413 1621 χέιρ
436 1527 592 1613 τοιαύτην
612 1527 749 1612 ἀταξίαν
771 1557 809 1599 ον
799 1528 1058 1658 ἰιροςεὸἑξαντο
1081 1533 1127 1612 (οἱ
1140 1533 1271 1596 Hmin-
1392 1566 1393 1612 ι

348 1636 485 1724 χοροῖσι)
506 1632 598 1731 πρὸς
617 1631 658 1701 τὰ
680 1639 763 1702 θεια
784 1640 840 1702 καὶ
868 1629 1001 1713 ἇιώνια,
1034 1627 1078 1711 (ἐς
1104 1639 1184 1700 ποτὲ
1210 1639 1272 1722 μέν

349 1731 464 1824 τάχιον
478 1743 664 1818 κινεῖσθαι,
685 1719 822 1805 noveii
808 1732 998 1828 ὲβρύὸιον,
1019 1738 1155 1802 novicii
1141 1737 1270 1818 ὲέστη

350 1843 451 1910 κέναι.
508 1843 674 1907 Imitantur
710 1855 741 1907 et
771 1841 880 1906 Latini
915 1863 949 1904 v.
973 1860 1003 1902 o.
1038 1839 1155 1903 Seneca
1192 1839 1269 1902 Nat.

351 1945 484 2026 Quaest.
507 1946 585 2009 Lib.
608 1948 690 2010 VII.
721 1944 804 2027 Cap.
827 1943 981 2008 XXXII.
1036 1943 1153 2006 Nullis
1184 1944 1296 2025 ignii··

352 2048 432 2124 bus,
467 2051 534 2112 nisi
561 2052 596 2112 in
629 2071 693 2113 cuo
723 2055 916 2123 moreest,
946 2046 1017 2108 illis
1039 2043 1117 2106 dico
1138 2040 1270 2116 divinis,

353 2170 439 2234 quos
459 2149 559 2214 habet
576 2149 720 2212 mundus
747 2157 920 2212 aeternos.
951 2146 1037 2227 quia
1063 2150 1179 2226 partes
1197 2141 1271 2204 eins

283 2240 285 2249 ¹
352 2258 433 2314 sunt
458 2259 490 2314 et
515 2269 639 2332 opera,
674 2260 706 2312 et
726 2247 833 2330 paullo
855 2243 985 2308 inferius
1009 2243 1119 2307 eodem
1142 2236 1269 2322 Capite.
1392 2252 1393 2260 ¹

355 2350 440 2428 Quis
468 2370 574 2412 unum
597 2351 704 2415 stellis
725 2350 867 2413 limitem
889 2345 1012 2429 ponit?
1051 2345 1127 2434 quis
1153 2342 1188 2407 in
1212 2361 1271 2403 on·

351 2457 492 2528 gustum
513 2449 627 2512 diviua
648 2447 857 2538 compellit?
896 2437 969 2527 (Ο.)

287 2569 321 2650 3)
348 2568 449 2634 ποία
471 2570 618 2656 σχέσις
638 2565 743 2659 πρὸς
763 2565 950 2662 τοιῇδε]
987 2564 1116 2650 Optime
1145 2553 1272 2628 Schult-

349 2672 491 2737 hessius.
515 2670 569 2736 die
592 2670 673 2736 oder
692 2671 778 2737 diese
797 2640 958 2753 Steilung
981 2667 1270 2748 (constellation),
1321 2681 1328 2700 ·

355 2773 459 2840 morin
488 2773 561 2836 sich
593 2770 646 2835 die
671 2771 817 2846 Gestirne
844 2793 956 2856 gegen
962 2771 1069 2836 diese
1092 2769 1272 2836 Unterwelt

355 2875 524 2960 cestuum,
553 2867 688 2968 τὰτῇὃε
711 2895 800 2960 quoe
819 2873 876 2938 Ιιίο
897 2871 981 2951 (i.e.
998 2863 1179 2954 interra)
1183 2881 1268 2934 sunt.

288 3082 321 3162 1)
351 3083 391 3148 ἐν
412 3073 587 3157 τούτοις
608 3083 679 3145 καὶ
699 3070 929 3166 τοιαύτης]
951 3075 1075 3144 Α11.1.
1095 3065 1274 3152 incutiente

353 3187 388 3251 δὲ
410 3189 465 3252 καὶ
486 3178 651 3264 τοιαύτης.

287 3290 323 3370 5)
347 3283 477 3356 Αλλύι
497 3281 597 3374 μὴν]
635 3283 742 3350 Cisel.
760 3277 866 3352 Ἀλλὰ
887 3284 956 3370 μέν.

287 3387 376 3472 6)‘
354 3415 404 3468 ως
432 3390 496 3456 ἐντι
523 3385 570 3454 τὸ
597 3391 798 3454 πλεῖστον
825 3381 1013 3470 γίνεται]
1049 3382 1126 3454 Α11.
1161 3381 1193 3446 1.
1231 3375 1277 3460 ὡς

272 3492 281 3506 '
353 3495 403 3560 έιιὶ
424 3489 463 3559 τὸ
483 3495 636 3559 πλεῖστον
655 3517 679 3577 μ
682 3495 715 3555 ἓν
736 3487 870 3574 γίνεται.
917 3487 919 3494 ’

284 3588 797 3688 7)ιιαριμιιοὸισι9εἰσης]
844 3591 898 3655 Sic
925 3591 1003 3655 Ald.
1031 3591 1064 3654 9.
1094 3599 1126 3654 et
1157 3585 1270 3655 Casel.

352 3696 611 3787 ἕμιιοὸισθείσης
631 3696 709 3760 Α1(1.
734 3695 766 3758 1.
789 3706 820 3759 et
842 3695 952 3761 Lond.

282 3822 319 3902 8)
350 3821 391 3902 ἐξ
421 3811 702 3906 ἀνθρώπου]
726 3815 780 3881 Sic
806 3816 888 3880 edidi
916 3839 958 3880 ex
978 3818 1086 3885 Havn.
1112 3825 1144 3886 ct
1166 3811 1265 3884 Mon.

350 3926 391 3992 ln
411 3921 500 3988 editis
520 3923 606 3991 deest
628 3919 835 4006 praepositio.
879 3919 953 4004 (Ο.)
