2758 4790
1041 353 1102 415 ,¹37

167 623 372 709 Corporibus
399 623 505 711 itaque
531 628 636 692 omnia
663 627 803 694 tribuere
820 629 899 693 sire
923 627 1101 692 insecabili·

65 759 73 766 ·
105 729 186 808 bns,
223 729 291 794 sive
311 729 373 794 illis
398 751 478 814 quae
500 731 651 794 elementa
673 731 840 808 dicuntum,
878 745 909 796 et
930 755 971 795 ex
992 747 1102 795 eorum

104 831 282 904 inordinato
298 833 396 898 incitu
420 834 562 898 ordinem
588 846 619 897 et
635 835 789 900 rationem
808 847 840 900 et
856 835 987 899 animam
1008 850 1101 916 prae·

102 933 254 1000 sidentem
276 940 447 1016 deducere,
472 950 640 1022 utrumque
658 959 731 1002 sane
754 951 787 1002 et·
809 940 978 1001 absurdum
1001 949 1048 1001 est
1073 949 1105 999 et

103 1039 173 1103 fleri
189 1041 311 1124 nequit.
356 1042 453 1123 Quod
470 1041 497 1105 si
509 1042 553 1106 ita
574 1029 646 1105 licet
658 1042 765 1126 loqui,
790 1042 890 1104 minus
907 1053 1014 1124 potest
1032 1062 1101 1104 esse

102 1155 136 1206 ut
157 1162 200 1206 ex
227 1143 447 1208 insecabilibus
469 1145 666 1228 corpusculis
697 1157 809 1208 cuncta
833 1145 1002 1208 exsistant:
1041 1167 1102 1228 qua
1120 1195 1133 1229 ¹.

102 1249 140 1310 de
158 1267 197 1310 re
220 1247 383 1312 verissima
406 1248 487 1311 dicta
512 1261 583 1312 sunt
608 1249 694 1313 alibi.
755 1251 850 1331 Quod
878 1249 905 1312 si
928 1249 997 1332 quis
1023 1249 1102 1310 tales

102 1362 220 1414 statuat
240 1372 368 1428 causas,
392 1351 498 1417 nesio
520 1353 645 1436 quidem
662 1373 793 1416 necesse
814 1353 874 1416 erit
891 1363 1028 1416 statuere
1050 1361 1104 1412 aut

101 1474 211 1518 rerum
233 1455 371 1519 omnium
391 1455 626 1533 necessitatem,
661 1467 714 1519 aut
733 1455 883 1539 cuiusque
910 1453 1034 1540 generis
1055 1453 1104 1514 fa·
1173 1479 1175 1486 >

101 1567 183 1620 tum.
226 1557 347 1622 Demus
384 1559 465 1622 enim
496 1555 566 1623 esse
594 1559 783 1641 corpuscula
810 1557 1012 1634 insecabilia,
1049 1555 1104 1619 illa

100 1659 208 1747 igitur·
222 1661 366 1726 ferentur
386 1663 446 1726 alia
468 1665 631 1738 deorsum3
655 1666 822 1745 (ponamus
842 1662 924 1726 enim
952 1681 1023 1748 esse
1046 1659 1102 1724 ali·
1191 1675 1192 1682 ¹

101 1765 179 1848 quid
197 1764 259 1828 alio
278 1765 422 1846 inferius)
449 1766 507 1830 alia
530 1787 571 1828 ex
588 1775 789 1844 transverso,
814 1778 913 1850 prout
938 1787 1028 1828 casus
1052 1777 1105 1828 tu·

100 1868 196 1943 lerit,
217 1868 295 1932 alia
324 1869 491 1933 aliorsum:
529 1882 724 1934 nonfautem
752 1882 839 1934 certa
864 1868 1004 1938 motione
1031 1867 1105 1952 quia

101 1971 207 2036 nullus
225 1971 327 2034 adhue
348 1973 408 2036 erit
428 1976 523 2036 ordo.
567 1974 613 2037 At
626 1977 714 2056 quod
728 1973 773 2036 sic
792 1985 897 2036 ortum
916 1983 979 2048 est,
1005 1987 1105 2054 quan·-

100 2077 143 2140 do
175 2072 280 2139 o'rtum
311 2085 375 2153 est,
412 2075 534 2142 leretur
558 2075 698 2139 motione
727 2087 825 2139 certa.
881 2075 979 2139 Nulla
1006 2075 1105 2158 igitur

77 2177 163 2248 ¹erit
183 2177 378 2260 praedictio,
415 2179 501 2242 nulla
533 2165 735 2257 vaticinatio,
784 2199 848 2243 nou
871 2178 931 2244 'illa
952 2200 992 2241 ex
1022 2188 1105 2238 arte.»

101 2283 290 2362 (Quomodo
312 2282 394 2346 enim
415 2303 466 2345 ars
488 2283 577 2346 eirca
598 2282 717 2347 ordinis
739 2283 896 2366 expertia)
917 2303 988 2348 non,
1005 2282 1103 2344 altera

102 2407 145 2448 ea
164 2385 314 2448 instinctu
336 2383 444 2450 divino
475 2387 655 2470 afflatuque.
699 2387 783 2449 Nam
805 2385 884 2450 etin
901 2385 950 2448 his
974 2396 1103 2468 oportet

99 2488 144 2552 id.
167 2490 254 2572 qnod
284 2487 425 2552 futurum
455 2501 519 2566 est,
558 2511 626 2553 esse
663 2487 835 2554 definitum.
892 2491 935 2552 Et
964 2509 1103 2570 corpora

102 2590 229 2674 quidem
254 2593 432 2656 necessario
457 2592 616 2674 patientur
640 2614 695 2657 eos
721 2593 801 2657 ictus
829 2613 910 2676 quos
943 2592 986 2656 eis
1021 2591 1105 2654 inse-

100 2706 175 2758 reut
195 2693 312 2758 minuta
333 2695 392 2758 ista
413 2697 617 2778 corpuscula.
661 2695 707 2758 At
729 2695 821 2760 animi
843 2717 943 2777 opera
965 2717 1001 2758 ac
1026 2694 1103 2758 effe·

100 2809 170 2862 ctus
189 2798 304 2881 quibus
325 2799 451 2860 tandem
470 2799 732 2881 corpusculorum
752 2800 886 2864 istorum
912 2799 1103 2863 motionibus

100 2901 275 2966 attribuere
303 2900 371 2986 quis
396 2900 539 2982 poterit?
586 2901 664 2983 Quis
698 2903 779 2966 enim
811 2903 891 2988 ictus
922 2899 1104 2983 corpusculi

99 3004 295 3068 insecabilis·
311 3006 460 3068 deorsum
491 3005 605 3088 perlati
623 3018 688 3069 aut
716 3007 822 3091 aliquo
857 3010 952 3069 modo
983 3005 1105 3073 offensi
1140 3000 1145 3009 '

101 3108 215 3172 efficiet
246 3120 281 3170 ut
308 3109 420 3184 tales,
441 3121 471 3172 et
500 3111 577 3174 tales
611 3107 673 3174 sint
705 3109 835 3174 rationis
862 3109 1102 3204 disceptationes

101 3225 158 3280 aut
179 3212 336 3304 rectiones
358 3213 536 3294 appetitus,
561 3223 614 3277 aut
637 3213 863 3278 intellectiones
887 3224 939 3276 aut
960 3213 1103 3276 effectio-

100 3303 237 3391 nes‚'·ut
259 3314 320 3378 sint
340 3316 520 3380 necessario
541 3330 594 3380 aut
614 3318 680 3382 ullo
703 3321 821 3392 modo,
845 3315 1031 3399 praesertim
1047 3315 1104 3378 ubi

101 3419 212 3503 anima,
231 3439 265 3480 se
292 3417 426 3500 opponit
454 3419 601 3501 eorporis
629 3418 954 3504 perturbationibus?
990 3419 1102 3502 quibus

101 3521 238 3605 denique
259 3520 387 3586 illorum
412 3523 675 3606 corpusculorum
699 3522 954 3587 cursitationibus
982 3523 1036 3586 liet
1067 3533 1106 3584 ut

101 3625 155 3688 hic
180 3625 220 3690 sit
245 3638 426 3711 geometra,
462 3627 540 3689 alius
565 3639 662 3690 artem
681 3627 849 3691 ‘sideralem
879 3627 930 3690 vel
955 3645 1101 3690 numera-

102 3729 183 3793 riam
201 3729 480 3818 tractet,sapiens
501 3731 541 3793 sit
563 3729 655 3792 alius:
696 3729 836 3795 Omnino
855 3730 935 3794 enim
957 3741 1100 3794 nostrum
1184 3717 1186 3724 ’

101 3835 167 3896 hoc
185 3843 232 3895 est
252 3853 351 3914 opus:
377 3855 413 3896 ac
432 3847 472 3897 rte
491 3833 654 3896 animantia
678 3833 801 3916 qrridem
822 3834 957 3910 erimus,
982 3833 1008 3895 si
1026 3831 1102 3896 feri-

102 3957 210 4013 mur,
232 3958 295 4020 qao
321 3958 379 4001 nos
404 3941 533 4002 trudunt
559 3936 757 4022 corporalia,
796 3936 875 4034 sicut
897 3937 980 4002 trudi
1001 3937 1103 4004 solent

166 4055 180 4084 S
