2828 4792
1124 429 1164 494 15

153 597 287 664 alicuius
308 596 356 661 rei
376 617 457 683 ergo
478 597 571 662 liunt.
627 598 981 682 numentanorum,
1021 619 1101 684 quae
1124 601 1164 664 ad

150 700 355 786 propositum
385 701 598 779 destinantur,
634 702 694 767 alia
714 701 794 766 fiunt
814 712 946 779 natura,
980 699 1041 768 alia
1062 703 1163 767 ratio-

150 804 330 883 cinatione,
368 827 408 870 an
443 808 625 890 ponendum
662 806 776 870 Fatum
812 806 897 870 circa
927 817 1063 890 utraque
1084 807 1164 872 hacc

148 908 293 987 versari,
315 889 360 974 ita
380 919 416 974 nt
438 909 543 976 omnia
564 929 646 994 quae
666 909 713 975 sic
733 909 831 987 finnt,
855 909 939 975 Fato
961 907 1037 974 fieri
1054 909 1162 974 dican·
1271 983 1275 992 ¹

147 1022 223 1088 tur,
259 1033 300 1076 an
322 1010 408 1076 cirea
428 1013 544 1076 horum
566 1013 699 1078 alterum
721 1011 845 1098 genus?
888 1013 1055 1078 Sedenim
1078 1035 1161 1098 qnae

146 1114 393 1180 ratiocinatione
414 1115 513 1192 liunt,
546 1115 620 1180 ideo
649 1115 797 1181 videntur
825 1113 887 1180 dici
918 1115 1162 1181 ratiocinatione

145 1219 244 1296 fieri,
281 1217 402 1303 quiais
425 1217 480 1303 qui
499 1209 578 1284 fecit
598 1218 692 1283 etiam
712 1239 778 1283 non
797 1217 934 1284 faciendi
960 1219 1073 1282 habuit
1099 1241 1162 1304 po·
1260 1257 1262 1262 ·

145 1332 311 1388 testatem.
375 1322 459 1386 Nam
494 1342 576 1406 qtrae
604 1324 645 1386 ab
676 1319 850 1386 artificibus
882 1323 1055 1386 secundum
1076 1335 1161 1386 artes

145 1425 253 1501 fiunt,
278 1445 316 1490 ea
335 1445 401 1492 uon
422 1424 570 1490 videntur
592 1447 634 1490 ex
653 1424 842 1490 necessitate
864 1424 929 1488 ulla
950 1424 1064 1490 fluere.
1107 1426 1160 1492 Ita

146 1528 271 1612 quiippe
303 1527 428 1614 singula
464 1528 585 1594 faciunt
617 1529 776 1606 artifices,
813 1539 848 1592 ut
877 1539 909 1592 et
940 1547 1006 1592 non
1026 1527 1164 1594 faciendi

145 1633 290 1696 habeant
310 1630 489 1698 arbitrium.
536 1634 581 1698 Et
602 1635 766 1716 quomodo
786 1652 853 1697 nou
873 1631 916 1696 sit
935 1631 1161 1696 inconveniens

145 1735 256 1799 dicere
288 1737 418 1800 domum
449 1747 504 1799 aut
536 1735 652 1800 lectnun
679 1736 748 1801 fato
779 1735 883 1814 facta,
922 1746 981 1800 ant
1009 1734 1162 1800 citharam

144 1840 218 1904 fato
240 1837 439 1923 temperari?
482 1839 547 1904 Sed
568 1859 707 1924 qanorum
727 1838 856 1904 domina
883 1849 932 1902 est
953 1839 1045 1922 optio
1066 1859 1161 1922 prae·

146 1941 221 2019 via,
260 1943 308 2024 (it
337 1953 388 2008 cst
422 1963 503 2026 quae
533 1963 607 2008 cum
639 1942 758 2008 virtute
787 1953 841 2006 aut
854 1942 948 2028 'vitio
969 1942 1089 2024 fiunt,)
1126 1961 1163 2006 ea

146 2065 281 2129 qnoque
301 2044 450 2110 videntur
478 2065 549 2112 esse
570 2045 675 2113 nostri
695 2045 787 2110 iuris.
853 2047 951 2130 Quod
979 2046 1007 2111 si
1032 2057 1164 2111 nostrae

144 2160 223 2212 sunt
250 2148 418 2230 potestatis
448 2169 508 2226 ea,
555 2151 596 2212 ad
623 2169 704 2232 quae
733 2152 857 2234 agenda
877 2161 931 2212 aut
951 2170 1017 2213 non
1040 2151 1163 2234 agenda

145 2249 270 2316 domini
301 2273 428 2328 snmus,
473 2273 539 2317 non
570 2263 679 2334 potest
711 2251 772 2318 dici
801 2253 916 2317 Fatum
949 2252 1059 2316 talium
1092 2271 1162 2316 esse

145 2375 268 2432 cansa,
306 2375 410 2440 neque
425 2375 548 2420 *causas
576 2366 608 2419 et
640 2355 796 2439 principia
824 2369 956 2421 externa
986 2377 1054 2420 esse
1083 2377 1163 2439 pro·

144 2457 249 2536 iecta,
288 2479 347 2542 per
375 2480 457 2543 quae
485 2457 560 2524 talia
580 2459 806 2524 inevitabiliter
826 2461 953 2525 fierent.
1018 2459 1164 2526 Nam=id

144 2560 176 2626 si
197 2572 304 2639 esset,
343 2561 405 2626 iam
426 2562 460 2628 in
487 2573 603 2628 nostro
632 2561 768 2628 arbitrio
800 2585 867 2629 non
899 2574 1002 2643 meet,
1039 2575 1075 2628 nt
1103 2561 1165 2628 ista

143 2676 254 2729 esseut
274 2678 329 2730 ant
348 2665 475 2732 fierent.

624 2769 691 2834 VI.

205 2871 328 2936 Restat
349 2883 384 2936 ut
406 2872 529 2938 dicaun·
549 2873 622 2938 Fati
651 2875 701 2939 vis
730 2876 791 2940 sita
815 2875 847 2940 in
869 2874 908 2939 iis
944 2894 1025 2959 qnae
1052 2884 1166 2940 natura

146 2973 250 3053 fiunt,
294 2974 339 3040 ita
360 2988 395 3040 ut
414 2975 498 3042 idem
519 2977 560 3041 sit
586 2989 698 3042 natura
726 3001 764 3042 ac
785 2980 912 3044 Fatum.
956 2980 1039 3042 Nam
1075 2975 1164 3060 quic-

146 3079 226 3162 quid
255 3078 352 3144 fatale
388 3093 458 3159 est,
501 3078 535 3145 it
566 3101 608 3145 ex
638 3093 751 3147 natura
778 3093 846 3159 est,
877 3094 909 3146 et
937 3079 1086 3165 quicquid
1123 3101 1165 3144 ex

146 3194 285 3260 nanus,
319 3184 435 3254 fatale:
469 3206 572 3270 neque
599 3185 742 3250 neutrale
777 3197 825 3249 est
856 3185 1016 3250 hominem
1039 3205 1080 3247 ex
1100 3186 1162 3248 ho-

147 3284 231 3349 mine
253 3297 296 3359 ⁸et
332 3307 447 3372 equum
476 3310 518 3352 ex
547 3309 631 3374 equo
664 3289 768 3366 nasci,
802 3301 840 3352 ut
861 3310 926 3353 non
949 3288 1030 3352 idem
1053 3288 1094 3350 sit
1114 3287 1164 3350 fa-

147 3389 225 3454 tale.
270 3392 335 3456 Sed
362 3381 553 3457 comitantur
579 3395 657 3458 istae
687 3392 869 3458 efficientiae
891 3393 989 3455 altera
1010 3391 1161 3468 alteram,

147 3505 184 3557 ut
206 3515 288 3576 qnae
310 3495 523 3578 appellatione
551 3497 621 3563 sola
643 3499 812 3562 differantz
851 3516 950 3580 quare
977 3506 1009 3558 et
1040 3493 1163 3578 primae

148 3617 264 3665 causae
287 3599 422 3685 originis
444 3601 491 3665 rei
512 3601 664 3686 cuiusque
692 3603 861 3666 seeundum
884 3610 1030 3662 naturam
1053 3598 1162 3668 dicun.-

82 3732 86 3739 2
148 3712 202 3764 tur
225 3723 296 3776 esse
329 3703 453 3768 divinae
483 3717 613 3770 naturae
650 3709 775 3788 (astra)
812 3715 844 3770 et
877 3724 984 3768 earum
1019 3702 1163 3768 ordinata

148 3805 377 3885 circumactio,
419 3811 591 3894 eademque
629 3811 775 3876 diounmr
813 3809 886 3874 Fati
924 3791 1005 3873 esse'
1035 3829 1164 3872 causans

150 3907 263 3976 Omnis
287 3909 404 3995 quippe
425 3925 516 3978 ortus
548 3913 669 3980 initium
697 3928 744 3980 cst
773 3913 948 3978 divmarum
976 3923 1160 3978 naturarum

150 4016 225 4078 dnm
250 4029 439 4093 moventur,
464 4031 570 4084 certus
593 4019 719 4104 quidam
742 4019 865 4106 halritus
889 4021 992 4082 adres
1009 4015 1161 4082 infernas.

302 4209 307 4222 ,
415 4173 419 4210 l
