2804 4786
1074 411 1134 484 285

61 649 63 656 .
135 592 189 669 ss)
218 585 269 674 μὴ
292 586 529 678 δυναμένῳ]
553 585 605 650 Sic
627 585 736 650 Haurit
760 577 894 668 optiine;
917 590 1031 670 pendet
1053 590 1134 652 enim

218 687 296 756 ειτό
317 695 470 780 παρεῖναι
492 688 535 755 τὰ
556 687 657 756 ἆίτια.
680 691 762 752 Edd.
785 687 831 776 μὴ
853 686 1040 776 δυνάμενον.
1062 693 1135 774 (0.)

133 797 188 873 tt)
217 789 269 882 μὴ
293 791 540 872 κινεῖσθαι]
578 792 655 856 Ald.
681 795 712 854 t.
734 789 780 878 μὴ
802 793 977 874 κινῆσθαι.

133 899 187 979 13)
216 892 373 963 τούτων
401 890 644 985 παρόντων]
682 897 946 960 Havn.At‹1.t.
974 889 1004 960 et
1026 897 1134 962 Casei.

219 993 343 1066 τούτων
362 996 408 1085 μὴ
430 993 613 1088 παρόντων,
639 1000 726 1081 quod
738 998 970 1080 recipiendum,
995 1001 1021 1064 si
1036 1003 1135 1064 verba

217 1093 502 1187 praecedentiam}
531 1102 698 1190 δυναμένῳ
726 1098 771 1186 μὴ
800 1106 970 1168 κινεῖσθαι
1003 1105 1137 1188 accipia-

218 1224 286 1268 mus
308 1226 370 1287 pro
393 1203 511 1286 duplici
538 1203 706 1289 negatione
741 1203 857 1266 fortius
884 1218 1031 1288 negante.
1088 1206 1135 1271 At

217 1307 260 1383 si,
284 1317 320 1371 ut
341 1319 508 1370 contextus
529 1307 669 1392 flagitat,
705 1305 893 1389 accipiamus
915 1327 976 1389 pro
999 1309 1142 1372 affirma-¹

218 1412 322 1488 tione,
345 1407 391 1496 μὴ
413 1423 484 1474 ante
506 1406 677 1500 παρόντων
698 1421 784 1472 recte
807 1410 908 1471 abest.
952 1411 1026 1492 (Ο.)

132 1517 189 1596 dd)
217 1516 293 1579 τῶν
315 1515 357 1580 δὲ
379 1510 449 1580 διὰ
469 1511 619 1602 πυρὸς]
657 1512 775 1576 Annon
804 1513 987 1576 exciderunt
1016 1517 1132 1579 verba:

154 1703 157 1710 γ
216 1617 337 1684 τῶνδὲ
359 1613 398 1683 δι’
421 1608 567 1694 ν’ὃατοςῖ
601 1616 675 1696 (Oa)

919 1713 940 1753 s

545 1802 631 1848 cnr.
655 1807 725 1848 suu.
923 1785 927 1789 ’

154 1925 188 2008 1)
217 1929 376 2010 ἐκεῖνο]
413 1929 466 1991 Sic
489 1917 579 1990 edidi
590 1948 652 2008 pro
676 1924 797 1992 ἐκείνου
841 1921 914 2007 (O.)

137 2033 189 2111 ’2)
217 2031 424 2117 γίνεσθαι
456 2027 681 2114 λέγοντας]
728 2029 781 2091 Sic
811 2030 891 2092 edidi
913 2053 953 2094 ex
974 2030 1081 2096 Havn.
1106 2039 1137 2096 et

219 2134 346 2199 Aldinis
367 2133 529 2219 flagitante
550 2143 713 2195 contextu.
730 2133 838 2196 Lond.
855 2133 1013 2218 γίνεσθαι
1028 2138 1138 2220 λέγον.

219 2261 280 2315 τες.
308 2239 346 2302 In
368 2255 460 2320 seqq.
482 2231 632 2303 ἆντόθεν
653 2231 698 2322 μὴ
714 2229 883 2316 σώζεσθαι
897 2237 1015 2301 habent
1029 2237 1138 2302 Havn.

221 2342 298 2405 Ald.
321 2352 353 2404 et
375 2339 483 2404 Casel.
499 2341 607 2402 Lond.
632 2350 733 2401 autem
756 2334 874 2416 αυτοῖς
889 2336 935 2427 μὴ
958 2336 1141 2421 σώζεσθαι.

217 2446 281 2508 Sed
301 2443 391 2506 unice
413 2459 524 2506 verum
546 2453 593 2504 est
625 2436 775 2507 ὁππόθεν
803 2440 872 2505 scil.
900 2445 946 2534 τῷ
975 2439 1084 2510 πάντα
1106 2444 1139 2525 ἐξ

189 2558 191 2564 ’
220 2541 364 2633 ἄν’άγκης
384 2545 553 2632 γίνεσθαι.
596 2544 669 2626 (0.)
1079 2547 1082 2554 ’

137 2652 191 2734 o)
219 2656 288 2718 καὶ
309 2646 443 2716 πολλὰ
463 2643 642 2734 τῶνπαρῖ
661 2642 1139 2743 ἄντούςλεγόμεναπερὶ

219 2753 291 2822 τοῦ
313 2747 368 2846 ἐφ’
392 2747 508 2840 ἡμῖν,
538 2745 587 2830 ὡς
618 2747 666 2818 ἄν
693 2775 733 2817 τε
762 2747 891 2818 reieci
921 2755 1137 2821 ὃεικνῦναι

218 2857 449 2922 σννοδεῦον
471 2853 524 2945 τῷ
545 2853 618 2935 τῆς
645 2854 903 2944 ἑιμαρμὲνης
925 2850 1052 2950 λόγῳ]
1089 2857 1138 2922 Ita

221 2959 363 3023 correxit
377 2958 481 3022 editor
495 2955 707 3020 Londinensis
728 2955 894 3022 lectionem
917 2959 1139 3041 depravatissi-

221 3083 303 3124 mam
316 3061 459 3144 priorum
476 3060 664 3136 editionum,
689 3081 781 3142 quam
793 3061 884 3123 etiarn
900 3059 1014 3125 Codex
1028 3064 1137 3126 Havn.

222 3164 319 3226 habet-
338 3169 394 3230 καὶ
414 3159 523 3230 πολλὰ
544 3164 607 3229 τῶν
628 3166 683 3227 καὶ
705 3156 819 3240 ἆντοῐς
839 3162 900 3257 coti
921 3158 969 3256 ἐφ’
986 3161 1063 3249 ἡμῖν
1077 3167 1141 3231 etd-

221 3287 286 3332 σαν
307 3289 341 3331 τε
361 3261 387 3330 τ’
411 3261 493 3331 doto
515 3260 650 3343 δεικνύς.
692 3265 790 3345 Quod
806 3280 980 3331 monstrum
995 3267 1139 3331 lectionis

223 3367 397 3454 Bagolinns
430 3367 521 3452 signo
550 3381 669 3431 tantum
703 3369 916 3451 corruptionis
939 3417 956 3453 p
979 3370 1084 3433 addito
1107 3371 1139 3434 in

221 3471 369 3536 versione
397 3491 453 3532 sua
482 3458 635 3551 expressit
662 3471 724 3533 ita:
763 3484 795 3538 et
813 3473 937 3535 ¹multa
970 3475 1073 3537 ctiam
1105 3475 1142 3535 in

223 3574 318 3640 nobis
355 3592 552 3655 omnemque
584 3571 672 3635 idem
708 3573 937 3636 demonstrans
972 3575 1140 3635 comitans

225 3673 357 3752 desolo
371 3690 574 3736 sermoncmr
596 3692 675 3752 quae
699 3672 827 3736 omnino
841 3683 915 3734 sunt
927 3691 1021 3735 sensu
1036 3693 1136 3734 cassa.
1155 3660 1159 3664 ’

224 3775 297 3854 lpse
320 3773 422 3837 editor
444 3771 654 3836 Londinensis
677 3774 843 3838 lectionem
871 3792 962 3857 quarn
986 3774 1016 3836 in
1049 3785 1139 3836 textu

222 3875 326 3950 dedit,
363 3876 407 3938 ita
435 3875 590 3938 reddidit:
630 3875 776 3959 itemque
809 3877 922 3938 multu
955 3897 978 3938 tt
1000 3895 1033 3938 se
1059 3878 1139 3957 ipsis

225 3976 321 4040 dicta
345 3976 385 4041 de
407 3999 447 4042 so
470 3977 633 4061 quodest
654 3977 689 4038 in
708 3983 827 4040 nostro
854 3984 1020 4053 potestate
1053 3976 1135 4055 (scil.
