2782 4790
244 417 284 480 τε

244 583 278 655 τὶ
306 579 398 680 ἐπ”
378 587 477 672 ημῖν,
513 585 583 648 καὶ.
599 576 638 648 τὸ
667 572 875 669 ἐνδεχόμενον
896 579 931 647 ἐν
951 582 1020 658 τοῖς
1041 571 1255 668 πράγμασιν,

246 686 315 758 ἀλλ’
341 685 380 756 05
402 683 516 782 φωνὴν
535 677 647 772 μόνον.

711 789 786 855 ΚΕ.

311 894 391 972 Πῶς
411 887 476 984 γὰρ
498 886 538 958 05
560 891 711 985 φανερῶς
730 889 856 984 ψεῦδος
876 885 915 955 τὸ
938 889 1041 974 λέγειν
1066 889 1098 968 .¹)
1122 887 1197 954 πᾶν
1218 885 1258 952 τὸ

251 993 407 1087 ἑπόμενὸν
427 1019 493 1063 τινι
514 995 548 1076 ἐξ
573 994 693 1062 ἐκείνου
727 989 798 1060 τάν,
817 987 928 1060 ἀιτὶαν
956 993 1016 1059 τοῦ
1044 991 1128 1058 ἐῐυαι
1160 989 1262 1076 ἔχειν,
1291 1014 1292 1018 ’

250 1107 308 1170 καὶ
329 1101 395 1170 πάν
417 1095 457 1165 τὸ
478 1091 723 1218 προηγούμενόν
744 1119 850 1176 τινος,
879 1090 986 1162 ἀὶτιον
1007 1088 1163 1185 ὑπάρχειν
1184 1092 1264 1160 ἐκεί-

251 1229 307 1297 νῳ.
359 1196 508 1322 Ὀρῶμεν
538 1196 602 1290 γὰρ
636 1190 689 1266 ὅτι
717 1195 760 1266 τά
793 1197 907 1291 ἐφεξῆς
935 1191 1132 1318 555550533”
1112 1220 1196 1264 οντα
1216 1198 1264 1289 τῷ

248 1302 357 1400 χρόνῳ
380 1301 419 1372 05
441 1298 550 1371 πάντα
572 1298 629 1369 διά
650 1298 694 1368 τὰ
701 1301 946 1420 ἔμπροσθεν
926 1305 981 1367 καὶ
995 1296 1068 1390 πρὸ
1082 1295 1195 1368 ἀυτῶν
1211 1323 1265 1385 γε-

253 1404 376 1497 γονότα
398 1409 538 1494 γίνεται
574 1401 691 1491 ὀάτεγ
669 1401 739 1523 γὰρ
755 1401 796 1469 τὸ
816 1405 961 1488 βαδιζειν
982 1399 1094 1470 διὰ
1060 1429 1099 1471 το
1122 1398 1266 1482 ἀναστῆ-

252 1539 326 1594 ναι,
364 1507 439 1580 ἀάτε
466 1506 525 1589 νὺξ
555 1504 613 1575 ὃιά
639 1503 700 1588 τῆν
720 1501 847 1596 ἡμέραν
874 1501 950 1574 ὀύτε
973 1501 991 1572 5
1013 1507 1080 1574 τῶν
1096 1490 1267 1593 Ἰσθμίων

155 1693 157 1696 ,
254 1611 343 1702 ἀγὼν
375 1609 433 1680 διὰ
459 1607 518 1677 τὸν
546 1611 609 1677 τῶν
639 1604 846 1696 Ὀλυμπίων,
886 1604 968 1676 ἀλλ’
1008 1605 1084 1678 οάὃε
1115 1605 1174 1676 ὃιά
1196 1603 1268 1676 τὸν

253 1716 397 1837 χειμῶνα
418 1711 458 1782 τὸ
463 1716 595 1836 θέρος.
634 1703 743 1780 Ὅθεν
765 1718 820 1780 καὶ
840 1707 1095 1800 θαυμάσειεν
1072 1736 1115 1780 αν
1135 1737 1198 1790 τις
1207 1706 1270 1782 ἆυ·
1286 1777 1291 1784 ,

255 1817 333 1899 τσὺς
353 1815 414 1901 τῆν
434 1816 498 1884 τῶν
520 1812 634 1884 ἀιτίων
656 1810 818 1884 ἀπόδοσιν
845 1812 878 1896 ²)
914 1817 1032 1884 τοῦτον
1052 1817 1271 1904 ποιουμένους

256 1919 314 1991 τὸν
342 1917 486 2014 τρόπον,
533 1915 578 1998 ὡς
605 1915 655 2002 ἀεὶ
687 1916 727 1986 τὸ
758 1921 889 2010 πρῶτον
914 1915 1049 2005 γεγονὸς
1084 1915 1271 1987 ἀιτιᾶσθαι

256 2022 296 2092 τὸ
326 2027 353 2106 ³)
385 2019 469 2112 μετὰ
490 2025 588 2089 τοῦτο
610 2027 667 2090 καὶ
686 2028 792 2090 ποιεῖν
813 2017 1014 2090 ἐπισύνδεσιν
1034 2046 1110 2090 τινα
1131 2029 1188 2089 καὶ
1209 2045 1271 2090 συν

261 2132 369 2217 ἑχειαν
402 2127 468 2194 τῶν
496 2121 629 2208 ἀιτίων,
669 2131 725 2192 καὶ
753 2121 878 2208 ταύτην
906 2127 965 2192 τοῦ
993 2121 1135 2214 μηδὲν
1115 2125 1273 2205 αναντίως

261 2232 421 2319 γίνεσθαι
442 2231 603 2322 φέρονται
625 2224 684 2309 τῆν
707 2224 827 2296 ἀιτὶαν.
866 2224 1068 2321 Ὁρῶμεν
1029 2255 1094 2321 γαρ
1116 2230 1169 2296 ἐπὶ
1190 2232 1273 2296 πολ-

262 2327 368 2401 λῶν’
348 2329 439 2417 αυτὸ
458 2337 515 2398 καὶ
541 2334 612 2409 τοῖς
638 2325 782 2451 πρώτοις
803 2338 859 2398 καλ
879 2337 950 2411 τοῖς
970 2327 1121 2462 ὑστέροις
1141 2334 1274 2419 γινομέ-

262 2460 333 2513 νοις
354 2430 392 2501 ἀν
406 2430 528 2502 ἀίτιον
550 2434 610 2501 τοῦ
624 2435 705 2520 γοῦν
726 2430 913 2516 ἀναστῆναι
934 2437 1071 2505 καὶτοῦ
1092 2435 1275 2527 περιπατῆ-

263 2561 323 2606 σαι
344 2534 383 2604 τὸ
405 2532 488 2604 ἀυτὸ
510 2531 632 2619 ἀίτιον,
668 2530 708 2602 05
736 2534 801 2628 γὰρ
828 2535 870 2604 τὸ
890 2534 1075 2621 ἀναστῆναι
1101 2540 1161 2604 τοῦ
1183 2563 1277 2630 περι-

262 2641 429 2723 πατῆσαι,
467 2635 536 2706 ἀλλ’
568 2635 765 2732 ἀμφοτέρων
782 2635 812 2708 5
841 2637 989 2720 ἀναστὰς
1010 2646 1066 2709 καὶ
1086 2642 1278 2732 περιπατῶν

262 2740 386 2824 ἀίτιος,
422 2747 486 2809 καὶ,
505 2737 533 2824 5
549 2737 668 2812 w5wv
690 2744 890 2836 προαίρεσις.
928 2739 1072 2836 Ὁρῶμεν
1093 2740 1125 2814 5.
1145 2735 1198 2812 ὅτι
1220 2750 1277 2812 καὶ

263 2843 381 2924 νυκτὸς
401 2851 457 2913 καὶ
477 2839 602 2937 ἡμέρας
624 2841 717 2928 τάξιν
738 2845 814 2914 τινά
835 2849 978 2935 ἐχουσῶν
1010 2841 1038 2929 ⁴)
1071 2845 1155 2939 πρὸς
1175 2842 1279 2929 5555-

267 2943 366 3028 λας“
350 2973 386 3018 εν
406 2955 462 3016 καὶ
484 2944 586 3018 τάυτὸ
608 2946 735 3030 ἀν’τιον,
763 2945 885 3037 ὁμοίως
905 2953 941 3018 55
963 2956 1018 3019 καὶ
1039 2953 1098 3030 τῆς
1117 2952 1183 3020 τῶν
1204 2976 1279 3018 και-

267 3053 334 3144 ρῶν
358 3052 612 3141 μεταβολῆςὸ).
589 3050 699 3134 >55
726 3049 790 3144 γὰρ
821 3048 839 3120 ὁ
861 3049 983 3141 χειμὼν
1004 3049 1110 3132 ἀὶτιος
1130 3056 1202 3121 τσῦ
1214 3055 1280 3143 θέ-

195 3171 198 3178 ⁴
269 3180 370 3248 ρους,
402 3151 518 3222 ἀλλΜ
502 3156 623 3224 εκείνου
651 3181 685 3222 τε
716 3163 772 3223 καὶ
804 3151 937 3226 τούτου
952 3159 1012 3224 τοῆ
1040 3158 1141 3224 θείου
1166 3151 1280 3244 σώμα-

266 3283 326 3339 τος
357 3250 386 3340 ⁶)
418 3259 541 3340 κίνησίς
579 3284 612 3325 τε
641 3266 697 3326 καὶ
727 3255 914 3350 περιφορὰ,
958 3266 1014 3329 καὶ
1045 3253 1066 3342 ῆ
1098 3256 1196 3326 κατὰ·
1220 3257 1281 3328 τὸν

270 3357 366 3444 λοξὸν
387 3356 507 3431 κύκλον
527 3359 557 3442 ⁷)
579 3361 736 3448 ἔγκλισις,
767 3357 848 3428 καθ’
872 3356 913 3444 ῆν
935 3354 1069 3444 ὁῆλισς
1090 3358 1281 3449 κινούμενος

274 3459 426 3534 ἁπάντων
454 3458 575 3553 ὁμοίιος
606 3467 670 3532 τῶν
700 3469 940 3588 προειρημένων
970 3462 1077 3544 ἀὶτιος
1111 3465 1150 3547 8).
1206 3467 1280 3534 Καὶ

273 3558 327 3634 ὅτι
348 3564 394 3656 μῆ
416 3565 534 3649 νὺξ
493 3593 552 3650 της
572 3563 697 3658 ἡμέρας
717 3563 825 3650 ἀιτὶα,
846 3566 867 3650 ἢ
889 3593 907 3634 ο
896 3563 1046 3658 χειμῶν
1060 3571 1119 3636 τοῦ
1140 3570 1281 3659 θέρους,

272 3672 353 3760 μηδὲ
359 3672 589 3793 ἐμπέπλεκται
620 3673 727 3738 ταῦτα
749 3666 905 3754 ἀλλήλοις
939 3674 968 3751 9)
1006 3666 1150 3749 ἀλάοεως
1177 3673 1282 3753 δίκην,

273 3777 332 3852 ἕως
353 3770 395 3842 ἀν
415 3775 520 3840 ταῦτα
540 3774 681 3858 γίνεται,
710 3771 751 3856 ἢ,
780 3775 809 3842 εἰ
829 3770 874 3855 κῆ
896 3769 1000 3854 ὁάτως
1020 3778 1171 3861 γένοιτο,
1207 3777 1282 3842 δια·
1300 3823 1303 3830 -

191 3936 193 3948 .
272 3871 553 3958 σπασθῆσεται“
534 3903 559 3958 η
577 3878 636 3944 τοῦ
657 3871 784 3965 κόσμον
806 3883 861 3948 καὶ
887 3879 950 3945 τῶν
972 3879 1005 3944 ἐν
1033 3874 1123 3969 ἀντῷ
1151 3882 1283 3966 γινομέ-

275 4004 339 4050 νων
361 4004 394 4049 τε
416 3985 471 4046 καὶ
493 3976 595 4090 ὄντων
615 3983 746 4060 ἕνωσις·
771 3976 880 4048 Ιἱκανά
899 3977 964 4070 γὰρ
985 3977 1029 4048 τὰ
1050 3947 1133 4048 θεάα
1154 3985 1198 4061 ¹⁰)
1226 3987 1282 4049 καὶ
