2782 4790
261 415 318 479 140

251 585 315 651 τῶν
336 580 454 662 ὄντων’,
487 577 508 662 ἢ
532 579 573 647 τὰ
598 583 631 648 ἐν
651 579 772 664 γενέσει
792 579 849 648 καὶ
870 582 1010 673 φθορᾷ·
1044 573 1121 660 όίςτε
1148 583 1257 651 ἐνταῦ-

251 683 307 754 θοί
323 711 388 753 πον
413 691 469 751 καὶ
493 682 531 750 τό
550 685 609 764 τῆς
626 684 828 774 ἑιμσιρμένης.
866 679 955 750 Ἐπεί
976 691 1035 771 μέν
1060 690 1116 750 καί
1138 681 1260 752 τούτων

250 788 369 875 τὰμὲν
390 783 476 854 κατὰ
498 790 610 874 τέχνην
635 810 669 851 τε
691 791 748 852 καί
766 782 865 871 λόγον
884 782 1029 873 τεχνικόν
1048 812 1140 867 τινα,
1162 785 1260 853 τόδὲ

252 890 340 958 κατὰ
363 891 569 982 προαίρεσιν,
593 885 635 955 τὰ
653 891 689 954 δὲ
710 885 796 954 κατὰ
817 883 920 980 φύσιν
937 889 1080 975 γίνεται,
1111 894 1263 956 σκεπτέον

254 997 287 1062 έν
314 994 382 1060 τίσι
407 987 530 1058 τούτων
553 989 592 1057 τὸ
618 1016 676 1072 της
691 992 906 1112 έιμαρμένης,
943 993 970 1058 ἐι
996 991 1041 1079 μὴ
1074 988 1147 1059 ὁῐόν
1172 1018 1206 1058 τε
1232 995 1265 1058 ἐν

252 1097 344 1164 πᾶσι.
393 1094 503 1161 Tm
464 1102 524 1182 μέν
546 1091 604 1161 ὀῦν
625 1091 712 1159 κατὰ
732 1098 844 1182 τέχνην
867 1090 1022 1180 γινόμενα
1044 1092 1126 1162 καθ’
1154 1099 1265 1184 έιμαρ-

250 1202 348 1288 μένην
373 1197 454 1266 ε’ῐναί
485 1223 519 1264 τε
550 1205 606 1265 καὶ
631 1197 810 1283 γίγνεσθαι
842 1200 966 1282 λέγειν,
1007 1194 1162 1286 οὐδαμῶς
1195 1205 1266 1276 ταῖς

251 1302 410 1394 περὶτῆς
433 1302 630 1484 έιμρρμένης
598 1295 764 1382 δόξαις
794 1295 955 1390 συνῳθόν·
988 1304 1118 1386 γελοῖον
1140 1297 1264 1393 γὰρτὸ

251 1403 310 1487 τὴν
335 1395 514 1485 κίίνην“4)
547 1399 567 1483 ἢ
598 1400 635 1469 τό
665 1397 804 1491 βόθρον
834 1369 915 1468 τόθ’
947 1404 1147 1492 ίιμαρμίνην
1174 1429 1265 1490 γεγο-

249 1513 340 1577 νέναι
361 1501 526 1593 λέγειν,”
505 1532 526 1586 η
544 1501 602 1586 τὴν
623 1501 728 1596 ίόραν
746 1499 925 1596 ἡρμόσθαι
946 1501 1068 1572 καθ’“
1052 1512 1264 1599 ειμαρμένην·

252 1606 338 1678 όότω
359 1606 438 1732 γόιρ
467 1610 600 1730 ἐροῦμεν
628 1611 740 1680 πᾶσαν
771 1611 883 1695 τέχνην
917 1610 1125 1732 ἑιμαρμένην.
1178 1606 1265 1677 Ἀλλ’

253 1701 372 1781 οὐθ’
348 1737 392 1780 ων
412 1712 601 1802 προαίρεσις
625 1708 732 1792 ἆιτία,
767 1713 874 1777 ταῦτα
899 1708 1019 1778 καθ’
1005 1717 1205 1804 ειμαρμένην
1228 1710 1267 1779 ίίν

254 1817 322 1897 ε’ίη·
361 1810 485 1882 τούτων
515 1811 578 1905 γὰρ
604 1817 637 1881 ἐν
657 1810 735 1902 ἡμῖν
758 1809 779 1896 ἡ
803 1810 887 1936 ἆρχρ)
909 1821 965 1882 καὶ
986 1813 1045 1882 οὐκ
1070 1816 1265 1899 ἔξωθεν(
1247 1845 1267 1898 η

251 1920 323 1986 δέ
307 1919 483 2007 ιιμαρμὲνη
501 1915 560 1985 οὐκ
582 1920 616 1985 ἐν
637 1915 728 2005 ἡμῖν·
757 1924 813 1984 καὶ
832 1915 896 2037 γρίρ
922 1922 951 1984 ἐι
979 1924 1035 1984 και
1056 1927 1132 2009 περὶ
1158 1901 1264 1988 ταῦτοί

251 2025 339 2089 ἐστιν
363 2015 384 2103 ἦ
409 2022 585 2111 έιμαρμὲνη
598 2073 606 2102 ,
627 2027 701 2112 περὶ
718 2015 742 2087 ίί
763 2025 818 2087 καί
836 2018 874 2086 τό
900 2017 949 2114 έεμ
973 2017 1067 2108 ἡμῖν,
1093 2019 1183 2090 ἀλλὰ
1208 2021 1265 2090 ἄλ-

246 2232 344 2317 μένης
367 2233 422 2293 καί
449 2227 512 2293 τῶν
534 2229 567 2294 ἐν
587 2231 708 2312 γενέσει
729 2222 773 2292 τό
792 2221 970 2315 γιγνόμενα
987 2225 1073 2294 κατὰ
1097 2232 1214 2318 τέχνην
1234 2255 1266 2296 τε

248 2336 304 2398 καί
325 2330 525 2422 προαίρεσιν.
573 2325 705 2396 Τούτων
728 2324 805 2396 ὅ
785 2325 1019 2423 αφηρημίνων,
1056 2330 1179 2401 λοιπόν
1208 2358 1266 2400 κα-

247 2433 434 2500 ταλείπεται
457 2433 578 2513 ταῦτα,
610 2429 660 2510 όῖς
680 2427 826 2524 ἡφύσις
842 2433 901 2514 τῆς
921 2428 1078 2518 γενέσεως
1098 2431 1214 2518 ἆιτία,
1236 2438 1268 2503 ἐν

249 2532 299 2615 ὁῑς
321 2539 356 2602 δὲ
381 2541 437 2602 καὶ
463 2537 555 2602 δοκεῖ
576 2530 783 2602 δυναστεύειν
803 2533 843 2601 τὸ
870 2537 929 2616 τῆς
954 2533 1166 2626 ἕιμαρμίνης.
1219 2535 1269 2606 'En

249 2637 313 2730 γάρ
339 2665 389 2718 τις
417 2633 594 2718 ἐπιστήσας
630 2633 784 2719 ἐξετάζειν
812 2633 968 2723 βούλοιτο
994 2635 1053 2717 τὰς
1080 2637 1184 2722 δόξας
1210 2640 1269 2720 τὰς

170 2728 174 2736 ’
249 2749 322 2834 περὶ
350 2743 409 2824 τῆς
439 2735 635 2829 έιμαρμένης
666 2736 976 2828 καταβεβλημένας,
1013 2737 1052 2808 οὗ
1080 2750 1157 2836 περὶ
1183 2743 1269 2813 &md

248 2870 342 2924 τινα,
363 2840 439 2910 οὐδὲ
460 2845 494 2908 ἐν
513 2839 629 2921 ἄλλοις
646 2839 750 2921 όντόις
767 2840 896 2934 ἕυρήσει
917 2841 976 2925 τὴν
997 2843 1202 2936 ίιμαρμόνην
1219 2874 1267 2916 τι·

249 2949 393 3027 θείσας,
429 2941 498 3013 ἀλλ’
536 2947 569 3012 ἐν
601 2951 671 3024 τοῖς
694 2942 879 3034 γινομένοις
907 2942 1022 3038 φύσει·
1058 2955 1118 3016 καὶ
1143 2948 1270 3019 zozim&

250 3047 397 3139 μάλιστα
423 3050 456 3116 ἐν
475 3048 513 3143 τῇ
535 3049 598 3116 τῶν
611 3045 699 3130 ζώων
717 3055 773 3115 καὶ
794 3050 858 3116 τῶν
875 3051 910 3116 ἐκ
930 3049 1133 3140 συγκρίσεων
1153 3057 1219 3122 τῶν
1236 3057 1269 3122 ἐν

250 3149 371 3241 γενέσει
393 3153 451 3233 45)·
486 3149 524 3220 οὗ
547 3149 611 3247 γὰρ
634 3148 672 3218 τὸ
699 3150 759 3233 τὴν
787 3153 850 3218 τῶν
871 3152 1036 3239 στοιχείων
1057 3155 1107 3232 έις
1138 3155 1268 3240 ἄλληλα

249 3254 437 3348 μεταβολὴν
469 3252 550 3322 καθ’
578 3250 775 3347 έιμαρμὲνην
806 3254 963 3341 γίνεσθαι
988 3250 1094 3341 λέγειν
1124 3257 1214 3330 ποίνυ
1229 3267 1267 3328 ’τί

249 3363 405 3443 σσνηθές.
455 3355 573 3436 Ὄντος
598 3359 707 3425 τοίνυν
731 3358 791 3423 τοῦ
816 3353 897 3424 καθ’
931 3355 1132 3448 ἱιμαρμὲνην
1158 3366 1193 3433 έν
1219 3361 1269 3443 ὁῖς

247 3459 502 3555 προειρήκαμεν,
523 3466 579 3528 καί
593 3456 713 3527 τούτου
726 3461 889 3549 γνωρίμου
904 3457 1096 3546 γεγονότος,
1121 3462 1267 3535 ἆκόλου·

245 3573 318 3634 θον
349 3561 390 3632 ίίν
416 3567 463 3647 ἐίη
495 3559 579 3652 μετὰ
609 3559 729 3630 τοότου
765 3564 904 3644 ζητῆσαι
934 3559 1074 3655 πότερον
1108 3565 1266 3638 τοιοῦτόν

246 3673 335 3737 ἐστιν
345 3720 355 3750 ,
377 3664 420 3748 ὡς
438 3660 618 3753 ἀναγκαῖόν
639 3687 673 3732 τε
695 3668 777 3733 ε’ῑναι
791 3671 847 3732 καί
861 3661 1083 3756 ἀπαράβατον
1098 3670 1191 3740 κατὰ
1210 3670 1273 3740 τὸν

249 3769 389 3856 ποιητὴν
410 3769 468 3838 τὸν
489 3766 649 3856 λέγοντα·

206 3949 210 3954 ,
287 3883 412 3965 Μοῖραν
431 3880 455 3940 δ’
479 3880 588 3942 ὀότινα
604 3881 645 3954 ¹0)
666 3879 749 3962 φημὶ
761 3882 954 3963 πεφυγμένον
974 3878 1109 3962 ’ἔμμεναι
1130 3884 1267 3968 ἀνδρῶν,

285 3985 327 4047 οὐ
345 3983 442 4046 κακὸν
461 3981 529 4064 οὐδὲ
547 3985 605 4062 μὲν
624 3981 738 4045 ἐσθλὸν
747 4027 759 4056 ,
777 3982 853 4061 ἐπὴν
870 3982 911 4044 τὰ
931 3988 1040 4068 πρῶτα
1057 3985 1200 4062 γένηται.
