2782 4790
117 604 156 646 an
183 603 264 644 vero
285 581 349 644 tale
368 581 425 657 sit,
450 595 484 646 ut
502 581 604 664 possit
627 582 793 660 declinari,
819 605 877 645 neu
894 582 1015 664 penitus
1037 581 1067 644 in
1090 602 1124 644 se

114 685 334 748 necessitatem
359 687 485 750 habeat.
540 688 592 748 Ex
615 686 771 748 communi
793 687 917 767 quidem
942 689 1001 747 hac
1027 687 1064 746 de
1089 705 1124 747 re

114 789 280 853 ,hominum
295 787 430 864 iudicio,
456 801 600 852 neutrum
618 791 733 852 horum
750 789 882 851 firmiter
893 801 1029 854 statuere
1047 809 1127 870 pose

114 913 235 954 sumus.
280 891 478 973 Quandoque
494 892 575 956 enim
588 893 702 954 Fatum
722 895 885 956 decantant
908 914 944 954 ac
965 894 1125 954 celebrant

115 1006 263 1076 tanquam
283 993 512 1068 necessarium
548 997 735 1077 quandoque
763 1008 865 1060 antem
892 1017 956 1058 non
988 1013 1123 1076 prorsus

114 1098 229 1159 Fatum
242 1096 476 1160 continuitatem
490 1119 681 1162 conservare
696 1101 837 1160 credunt.
877 1100 959 1160 Nam
974 1097 1029 1179 qui
1043 1099 1123 1162 mul·

112 1199 151 1262 tis
185 1199 293 1262 verbis
331 1200 435 1262 conati
470 1213 543 1265 sunt
571 1203 737 1263 ostendere
765 1202 878 1264 Fatum
915 1201 1123 1267 necessarium
1184 1255 1187 1261 .

113 1323 202 1377 esse,
242 1301 346 1366 omnia
379 1301 439 1384 ipsi
472 1303 698 1379 attribuentes,
733 1303 765 1366 in
801 1302 975 1368 actionibus
1012 1315 1123 1386 postea

113 1405 196 1468 vitae
227 1425 292 1471 uon
318 1404 464 1468 videntur
483 1405 546 1488 ipsi
571 1405 665 1468 fidem
689 1408 818 1468 habere.
863 1407 945 1474 Nam
963 1406 1124 1469 fortunam

112 1509 299 1590 plerumque
323 1507 509 1585 inclamant,
547 1509 681 1572 fatentes
707 1510 788 1571 hane
813 1509 968 1574 diversam
998 1529 1123 1572 causam

111 1633 130 1676 a
148 1612 233 1674 Fato
254 1632 335 1678 esse.
382 1611 467 1691 Quin
488 1615 564 1674 deos
582 1635 740 1694 nunquam
758 1612 883 1694 precari
901 1623 1040 1688 cessant,
1065 1631 1123 1676 ceu

111 1713 230 1796 aliquid
262 1715 300 1776 ab
337 1713 396 1778 illis
430 1727 565 1797 propter
596 1737 708 1797 preces
740 1715 842 1797 possit
876 1716 967 1778 etiam
998 1727 1124 1798 praeter

112 1818 227 1879 Fatum
249 1816 341 1880 effici.
398 1818 461 1880 Sed
483 1821 662 1884 consultant
691 1840 818 1902 quoque
852 1821 890 1880 de
915 1821 1011 1881 rebus
1041 1839 1059 1883 a
1089 1839 1124 1880 se

112 1920 260 2006 agendis:
299 1919 386 2004 atqui
418 1943 489 1983 cum
517 1921 596 1988 haee
625 1943 752 2005 quoque
782 1923 864 1985 Fato
901 1921 971 1990 fieri
989 1921 1122 1996 dicant,

110 2037 214 2088 tamen
241 2023 439 2087 consiliarios
466 2038 644 2100 arcessunt,
681 2038 712 2088 et
736 2026 865 2088 oracula
888 2045 1015 2107 quoquc
1037 2024 1123 2088 adire

111 2149 175 2192 non
199 2139 369 2201 verentur3
393 2139 541 2210 tanquam
558 2127 698 2210 possint,
723 2127 750 2190 si
770 2126 1012 2211 praedidicerint
1028 2148 1122 2188 cave·

113 2251 147 2291 re
175 2233 214 2292 ab
238 2231 363 2314 aliquo,
400 2234 485 2312 quod
515 2234 597 2296 Fato
621 2233 781 2294 decretum
810 2229 862 2299 sit,
896 2229 1123 2318 ¹Quamobrem

111 2355 208 2416 quum
236 2333 269 2396 hi
301 2333 362 2397 sibi
396 2335 618 2420 refragantur,
665 2334 749 2397 circa
777 2355 827 2396 res
861 2332 1010 2396 maximas
1044 2334 1122 2396 adeo

113 2448 221 2516 aperte
244 2435 470 2499 dissensionem
492 2439 660 2514 habentes,
686 2437 798 2500 merito
821 2437 918 2522 igitur
935 2435 1027 2498 fictae
1051 2435 1124 2498 illae

112 2539 274 2616 rationes,
310 2562 387 2621 quas
411 2543 450 2604 ad
469 2543 584 2604 horum
607 2542 810 2609 concordiam
830 2543 969 2616 addunt,
1005 2561 1023 2604 a
1044 2561 1123 2601 vero

112 2655 143 2705 et
166 2665 183 2705 a
205 2643 268 2704 fide
293 2664 426 2723 prorsus
456 2644 572 2708 alienae
597 2657 681 2710 sunt.
726 2644 864 2707 Videtur
891 2664 993 2726 porro
1022 2643 1054 2706 in
1084 2642 1121 2705 iis
1173 2649 1181 2664 “

112 2767 193 2828 quae
218 2738 418 2838 generantur!
438 2760 470 2810 et
496 2761 765 2830 corrumpuntur,
802 2747 1014 2832 contingentia
1041 2767 1123 2829 quo-s

114 2870 174 2930 que
196 2870 286 2925 esse,
312 2871 391 2931 quae
410 2862 444 2912 ut
471 2851 547 2912 nihil
570 2852 748 2914 necessario
767 2851 821 2912 liat
839 2851 870 2913 in
894 2851 932 2913 iis
954 2850 986 2913 in
1008 2850 1122 2932 quibus
1157 2859 1159 2866 ’

110 2951 176 3027 sit„
187 2973 281 3014 causa
301 2965 360 3017 est.
405 2954 656 3036 Perquircndum
674 2955 771 3038 igitur
786 2975 823 3016 ae
838 2953 1063 3018 discutiendum
1080 2956 1118 3016 de

111 3075 173 3130 eo,
204 3054 272 3118 sive
297 3055 354 3132 sit,
389 3057 457 3119 sive
480 3079 545 3120 non
576 3059 628 3124 sit.
672 3060 762 3120 Haec
791 3057 871 3119 enim
900 3068 1011 3118 natura
1043 3057 1120 3118 delia

113 3159 178 3222 nita
202 3161 242 3220 ad
263 3159 479 3247 reperiendam
498 3162 570 3224 Fati
587 3160 791 3224 substantiam
809 3159 901 3222 nobis
919 3179 1119 3240 summopere

113 3262 275 3330 conducit.
332 3263 413 3328 Satis
437 3286 511 3328 sane
540 3264 784 3328 estcommunis
807 3285 882 3326 usus
906 3265 945 3324 ad
967 3260 1120 3328 constitu·

113 3364 233 3428 tionem
264 3367 476 3451 contingentis
509 3382 660 3435 naturae:
697 3369 800 3430 nullus
832 3365 913 3427 enirn
940 3386 979 3426 ne
1009 3385 1118 3429 eorum

113 3468 258 3551 quidem,
293 3471 347 3554 qui
379 3471 483 3538 omnia
515 3492 556 3532 ex
588 3473 772 3536 necessitate
805 3469 875 3532 fieri
903 3468 1055 3529 affirmant
1088 3467 1121 3530 in

112 3571 178 3634 vita
204 3585 235 3636 et
261 3575 435 3640 actionibus
462 3575 563 3650 vitae,
602 3597 666 3638 non
694 3586 826 3637 testatur
847 3592 942 3654 posse
969 3574 1119 3654 quaedam

111 3695 225 3740 eorum
248 3699 327 3759 qnae
341 3677 436 3754 fiunt,
460 3701 525 3742 non
547 3678 634 3755 fieri,
659 3691 821 3744 eteorum
844 3697 923 3764 quam
940 3696 1005 3737 non
1026 3674 1116 3748 fiunt,

114 3778 198 3840 fieri.
259 3780 437 3860 Quinetiam
469 3782 501 3844 id
528 3783 649 3846 ratione
677 3785 843 3844 ostendere
879 3777 1031 3862 perfacile
1059 3787 1118 3840 est.

117 3881 223 3944 Multa
245 3883 325 3945 enim
356 3906 466 3948 eorum
489 3907 568 3968 quae
590 3885 669 3947 fiunt
690 3885 804 3968 partim
830 3907 847 3946 a
869 3896 980 3955 natura
1004 3879 1119 3962 partim

115 4004 133 4048 a
161 4006 234 4089 casp
264 3987 334 4052 fieri
371 3988 402 4051 iu
443 3990 590 4054 consessu
618 4001 679 4053 est.
734 3990 821 4071 ‚Esse
865 3999 966 4050 autem
1004 3981 1120 4066 aliquid
