2782 4790
248 371 308 434 168
400 420 402 424 ,

244 533 347 619 σἰυτῆς
368 535 462 604 ἔσται
484 533 649 642 διανοίας,
677 533 804 620 μᾶλλον
822 536 858 602 δέ
879 529 995 612 άνοίας
1011 537 1067 600 καὶ
1086 533 1150 600 τῶν
1167 527 1251 601 άλό-·

242 665 308 729 γωυ
326 635 414 720 ζώων
431 637 491 720 τὴν
509 637 628 726 γνῶσιν
647 632 874 728 παραβάλλειν
896 633 980 728 πρὸς
998 634 1059 718 τὴν
1077 632 1249 757 ἡμετέραν,

242 737 510 831 μεταδιδόναιὲ
475 743 510 808 δὲ
527 739 688 835 κιγκείνοις
708 740 767 822 τῆς
785 735 992 833 ἀντιλήψεως
1009 739 1073 806 τῶν
1090 735 1248 808 καθόλου

242 853 297 914 καὶ
319 847 383 912 τῶν
404 844 536 925 νοητῶν.
570 833 677 924 Ὅλως
696 843 786 923 δὲ,
770 867 797 907 ει
813 843 906 908 πάσα
923 837 1049 931 ἀνάγκη
1067 843 1131 910 τῶν
1146 839 1250 912 όντων
1303 841 1306 848 ’

152 959 153 964 ’
242 943 400 1016 ἁπάντων
411 942 538 1023 άιτίους
560 947 642 1012 ε’ῑναι
662 942 739 1022 τοὺς
756 941 921 1028 θεοὺς,’
900 946 1159 1034 ηπροςαιτίους,
1181 945 1251 1023 πῶς

242 1047 283 1118 όίν
301 1050 370 1138 έγοι
390 1043 489 1135 λόγον
511 1045 533 1130 6
554 1043 683 1134 ἀγνοεῖν
710 1043 831 1126 άυτοὺς
852 1044 896 1114 τά
919 1045 1024 1115 οἰκεῖα
1045 1044 1251 1172 γεννήματα,

239 1149 318 1239 ἢτδι
337 1154 401 1238 τῷν
422 1147 547 1244 οἰκείων
567 1145 775 1237 γεννημάτων
793 1147 1109 1272 ἀποτελέσματα,
1087 1179 1109 1233 η
1131 1147 1174 1218 τὰ
1194 1147 1246 1219 ὑπ’
1291 1155 1294 1162 '

242 1258 368 1325 ἐκείνων
392 1251 484 1356 καθ’
507 1249 578 1322 ὁῖον
589 1250 719 1344 δήποτε
737 1249 869 1346 τρόπον
893 1250 1083 1374 γινόμενα,
1102 1282 1122 1337 η
1144 1279 1251 1347 ωςπερ

241 1354 375 1428 σεῖ”δὲν
355 1363 469 1438 αυτοῖς
490 1351 734 1476 προςηκόντων,
764 1353 879 1437 0652’
863 1353 908 1424 ια’
936 1353 1049 1436 άυτοῖς
1081 1361 1251 1446 κειμένων,Ι

166 1477 169 1480 ’
240 1459 471 1578 6666606021''
452 1485 533 1550 εγειν
549 1457 609 1542 την
629 1461 764 1546 γνῶσιν,
785 1485 848 1528 ιιατ
878 1455 1051 1552 οὐδετέρας
1069 1463 1105 1528 δὲ
1123 1455 1250 1530 τούτων

239 1561 434 1634 ὑποθέσεων
465 1566 696 1652 ἐπιμελεῖσθαι
731 1559 821 1642 τοὺς
837 1559 942 1642 θεοὺς
969 1565 1033 1631 τῶν
1059 1569 1132 1656 περὶ
1160 1559 1249 1651 ἡμᾶς

239 1664 390 1749 δυνατόν,
411 1663 498 1734 κατὰ
513 1663 570 1734 τόν
588 1671 685 1768 θεοῖς
696 1666 726 1747 ⁷)
720 1661 945 1786 προςὴκοντα
958 1662 1082 1786 τρόπον
1095 1667 1154 1783 τῇς
1164 1677 1248 1758 προ-

239 1771 341 1849 νοίας.
390 1771 496 1840 Τοῦτο
519 1771 587 1837 δέ
572 1787 660 1848 εστιν
677 1765 730 1838 66²
750 1765 853 1849 άυτῆς
873 1770 932 1850 τῆς
952 1766 1068 1848 οὐσίας
1085 1770 1150 1838 τῶν
1166 1794 1250 1861 προ-

237 1877 421 1962 νοουμένων
438 1897 655 1992 ποιουμεγους
666 1867 776 1938 άυτῶν
791 1868 851 1965 τὴν
864 1873 1058 1960 ἐπιμέλειαν,
1074 1877 1130 1940 καὶ
1145 1864 1250 1960 όίςπερ

238 1980 272 2046 έκ
289 1973 437 2106 πρύμνης
453 1971 518 2056 8³)
499 1972 586 2046 αοτά
602 1971 942 2064 διακοσμοῦντος,
906 2001 944 2042 ου
962 2001 1008 2042 τω
988 1971 1251 2068 βουλεύεσθαι

237 2085 312 2172 περὶ
331 2075 456 2160 άυτων,
479 2075 521 2158 ὡς
537 2081 568 2152 οἱ
584 2083 721 2160 ποιηταὶ
738 2082 906 2166 λέγουσιν,
928 2045 1088 2152 ένδέια
1050 2105 1114 2171 γαρ
1132 2075 1252 2168 ἡβοά.

239 2187 350 2262 λευσις
372 2177 579 2274 φρονήσεως,
607 2178 683 2253 οὐδὲ
705 2207 750 2274 τω
736 2179 889 2253 ἄλλοτε
914 2179 998 2252 ἄλλο
1021 2178 1250 2269 βουλεύεσθαι

238 2292 294 2358 καὶ
315 2292 437 2369 ποιεῖν,
466 2280 643 2404 ἀλλότριον
663 2281 727 2382 γάρ
754 2287 853 2353 τοῦτο
875 2311 933 2368 της
904 2285 1035 2372 γμιᾶς
1063 2291 1119 2353 καὶ
1141 2281 1251 2370 ἁπλῆς

237 2395 294 2461 καὶ
315 2386 478 2481 άτρέπτου
500 2383 713 2456 παντάπασιν
730 2383 839 2456 άυτῶν
861 2388 1036 2513 ἐνεργείας,
1059 2394 1115 2456 καὶ
1131 2383 1253 2476 μόνοις

236 2493 399 2617 προςῆκον
435 2496 506 2569 τοῖς
537 2486 602 2570 666
632 2485 756 2594 χρόνου
785 2495 1033 2592 μετρουμένοις,
1080 2498 1137 2570 καὶ
1163 2490 1250 2582 μετὰ

235 2599 456 2690 προαιρέσεως
484 2591 544 2672 τὰς
571 2595 730 2708 ἐνεργείας
758 2598 986 2680 ποιουμένοις,
1034 2589 1104 2672 ἀλλ’
1139 2590 1253 2688 άυτῷ,

233 2721 341 2818 φμσι,
374 2698 419 2789 τῷ
443 2699 547 2776 ε’ῖναι,
577 2692 780 2789 καθάπερ“
763 2722 781 2762 ο
809 2688 905 2777 η’λιος
934 2723 972 2764 ου
961 2675 1250 2785 βουλευόμενος,

127 2869 132 2876 ,
186 2892 190 2898 ⁴
236 2796 313 2869 οὐδὲ
334 2794 540 2888 κινούμενος,
561 2795 649 2871 άλλόι
666 2801 712 2892 τῷ
739 2801 822 2872 ε’ῖναι
843 2806 899 2873 καὶ
920 2795 970 2867 άεὶ
991 2805 1096 2888 μένειν
1118 2803 1251 2884 ἐπινοηε

234 2909 330 2983 θεὶς,
356 2906 481 2995 πληροῖ
494 2898 538 2971 τά
558 2869 707 2992 μετάγεινΙ
724 2898 887 2989 δυνάμενα
905 2905 965 2971 τοῦ
982 2899 1103 2972 οἰκείου
1125 2901 1251 2998 φωτός,
1273 2903 1275 2909 ’

230 3001 324 3074 Ὀιίτε
344 3001 402 3072 666
417 3002 476 3088 τὴν
489 3001 650 3098 πρόνοιαν
668 3002 777 3074 ἀυτῶν
795 3001 881 3078 όίτω
899 3007 1080 3095 γίγνεσθαι
1094 3005 1250 3094 δυνατόν,

234 3105 309 3180 ὃιίτε
331 3105 370 3175 τό
393 3103 554 3198 ε’όγεσθαι
579 3114 635 3186 καί
657 3105 806 3182 ἱκετεύειν
828 3105 949 3188 άυτοίις
969 3105 1049 3201 ὑπὲρ
1072 3106 1168 3179 ὑετοῦ
1190 3137 1250 3181 τυ·
1272 3167 1276 3174 .

230 3207 309 3302 γόν,
344 3207 363 3300 ἢ
389 3214 552 3304 σωτηρίας
584 3215 732 3305 καρπῶν,
764 3207 786 3293 6
812 3213 901 3294 νίκης
908 3264 918 3294 ,
954 3202 997 3283 62¹
1023 3209 1082 3296 τὴν
1110 3213 1250 3300 ἑκβασιν

234 3311 408 3402 ἀγνοοῦσι,
441 3313 554 3408 πόρ’ῥω
573 3313 614 3384 όίν
636 3315 811 3404 ἐμπληξίας
831 3316 888 3396 ἐίη.
927 3311 978 3382 'Ec
1005 3317 1167 3386 δὲταῦτα
1189 3322 1249 3388 καὶ

233 3413 383 3488 σἰδόνατα
407 3425 464 3492 καί
489 3415 563 3488 ὄότε
580 3422 703 3505 λέγειν,
729 3412 805 3486 ὀιίτε
831 3421 1047 3487 διανοεῖσθαι
1070 3411 1166 3500 όσια,
1188 3426 1247 3488 καὶ

231 3517 283 3588 ὑπ’
310 3517 413 3603 ἀυτῆς
435 3518 629 3610 ἐλεγχόμενα
654 3521 712 3602 τῆς
736 3521 871 3612 πείρας,
904 3517 951 3600 ὡς
969 3525 1005 3588 αί
1028 3518 1247 3646 πολύστμιγοι

230 3623 296 3692 τῶν
316 3626 454 3693 θείων’
436 3625 601 3750 ευεργειῶν
621 3629 856 3746 πραγματεῖαι
862 3630 916 3698 καὶ
938 3621 982 3690 τά
998 3621 1119 3694 καθ’
1105 3620 1248 3707 εκάστην

232 3721 277 3806 ὡς
302 3729 401 3798 έιπεῖν
426 3723 552 3820 ἡμέραν
587 3722 764 3849 γιγνόμενα
798 3732 870 3846 τοῖς
905 3723 1092 3821 ἐφιστάνειν
1128 3723 1246 3808 άυτοῖς

232 3832 424 3918 δυναμένοις
441 3834 471 3909 ⁹)
493 3830 709 3950 σημαίνουσι,
731 3821 870 3914 δῆλου“
851 3854 903 3896 οτι
919 3835 975 3898 καὶ
996 3824 1248 3949 διατάττεσθαι

230 3927 294 4008 ὑπο
320 3935 384 4012 τῶν
412 3933 505 4010 θεῶν
537 3928 579 4004 τά
611 3928 850 4022 ένδεχόμενα“
833 3935 948 4024 ρητέον
972 3938 1028 4006 καὶ
1057 3927 1247 4025 ὡρισμένως
