2782 4790
273 405 336 470 132

274 575 461 691 γεγονέναι,
483 560 584 659 ύίςπερ
606 561 649 633 85
669 567 802 654 τέρατα.
842 554 952 630 Ὅταν
973 559 1037 653 γάρ
1058 557 1104 649 55
1126 557 1166 628 55
1184 554 1280 653 χάριν

258 680 390 753 Ιτέλους
421 673 564 761 γίγνεται
596 667 657 751 ¹⁷),
698 664 737 733 85
772 661 964 792 γιγνύμενον
999 660 1099 794 (μύσει
1134 666 1279 750 γένηται,

247 837 250 844 .
273 774 383 868 μάτην
404 782 460 844 καλ
481 770 564 842 ἀντὸ
570 777 720 895 λέγομεν
740 774 925 858 γεγονέναι,
961 795 1017 836 και
1006 751 1084 835 ⁰85
1105 769 1283 835 ἐπακολου-

272 877 434 1001 θῆσαχ
415 880 521 972 ἀντῷ,
557 868 610 944 588
631 871 717 944 κατά
745 867 999 962 ονμβεβηκὸς’
977 872 1086 938 οιίτιον
1110 865 1151 938 ,τὸ
1178 866 1283 957 μάτην

272 979 410 1074 γεγονός
431 986 520 1050 ἐστιν
548 973 842 1066 18),ἀντομοίτως
870 983 981 1068 φαμέν
1008 977 1195 1061 γεγονέναι·
1231 977 1284 1040 καὶ
1341 1020 1342 1024 ,

277 1085 388 1166 ἁπλῶς
408 1087 474 1154 πᾶν
495 1081 533 1151 85
555 1083 600 1174 85
622 1078 708 1150 κατά
730 1076 832 1204 (ρίσιν
852 1082 1029 1169 γιγνομένῳ
1053 1077 1286 1156 έπακολονθῆ·

278 1215 358 1272 σαν,
386 1185 446 1257 ούνι
468 1184 506 1255 ὃν
527 1182 566 1254 55
586 1181 688 1277 χάριν
709 1185 847 1270 ἐγένετο,
869 1177 1063 1269 ἀντομάτως
1083 1184 1215 1268 λέγεται
1235 1202 1285 1264 γε·

276 1297 418 1382 γονένοιι.
457 1283 633 1366 Ούτως
617 1314 635 1354 ο
664 1291 872 1374 κατενεχθεὶς
903 1287 1006 1363 λίθος
1033 1287 1077 1365 ¹9)
1106 1289 1163 1350 καὶ
1185 1278 1286 1358 ὁύτως

276 1425 345 1476 πως
365 1392 491 1475 πεσὼν,
523 1389 565 1471 ὡς
586 1387 631 1457 ἐπ’
656 1386 758 1457 ἀντον
743 1391 995 1470 καθέζεσθαι
1016 1381 1248 1469 δύνασθαι,’
1227 1413 1286 1454 αν-

276 1496 428 1590 τομάτως
456 1491 550 1577 τήνδε
578 1495 636 1575 τῆς
665 1487 794 1586 φύσεως
820 1491 962 1558 θέσιν”
943 1514 1033 1581 εσχεν
1054 1484 1289 1570 ἐπακολοοθη

278 1627 388 1671 σασαν
408 1600 447 1693 85
469 1598 593 1692 φυσικῇ
613 1621 672 1664 τον
657 1597 799 1662 λίθον
827 1591 885 1662 διά
911 1591 970 1675 τὴν
989 1590 1167 1714 βαρύτητα
1189 1618 1290 1660 κατα·

278 1707 381 1834 φορᾷ
419 1698 581 1823 ’θμρίως
585 1702 622 1766 58
643 1705 699 1766 καὶ
720 1693 740 1765 5
769 1695 825 1765 διά
852 1696 912 1779 τὴν
943 1695 1072 1791 τροφίην
1103 1694 1217 1765 ἐλθὼν
1242 1695 1289 1777 22)

278 1813 330 1876 ἐπὶ
351 1801 444 1874 τόνδε
465 1802 523 1872 τὸν
544 1799 647 1871 τόπον
666 1798 782 1883 ἵππος,
819 1804 999 1878 σωθεὶςδέ
985 1799 1080 1868 8585
1102 1804 1205 1869 τούτο
1226 1797 1289 1869 ἀπὸ

279 1913 343 1980 τῶν
369 1907 548 1996 πολεμίων·
585 1911 641 1974 καὶ
667 1902 736 2028 γάρ
759 1901 865 1995 τούτῳ
891 1899 910 1986 5
934 1901 1058 1994 φνσικν)
1081 1907 1144 1988 τῆς
1165 1905 1290 1999 τροφῆς

278 2012 445 2135 ὄρεξις
405 2037 463 2093 της
482 2011 646 2101 σωτηρίας
668 2007 780 2088 ἀντία,
809 2004 869 2076 οὐκ
890 2002 1029 2074 ἐλθόντι
1050 2011 1114 2076 τοῦ
1136 2011 1290 2091 σωθῆναι

276 2113 385 2239 χάριν.
432 2109 536 2181 T558
522 2117 661 2199 ὲλέγειν
682 2109 742 2234 τὴν
761 2107 861 2199 τύχην
883 2106 993 2214 ἀντίαν
1014 2106 1142 2232 ἀίδηλον
1158 2109 1292 2204 ἀνθρω-

183 2209 186 2222 ’
277 2221 358 2312 8855
381 2217 527 2306 λογισμῷ
547 2215 610 2298 21),
643 2211 702 2283 οὐκ
723 2213 793 2280 ἔστι
815 2208 916 2307 φύσιν
937 2207 1012 2282 τινά
1034 2210 1136 2304 τύχης
1142 2218 1292 2304 τιθεμέ

191 2347 195 2351 ’
278 2347 363 2403 νων,
395 2315 463 2387 ἀλλ’
488 2321 521 2384 έν
541 2320 580 2412 85
601 2314 684 2409 πρὸς
705 2314 749 2383 τά
769 2312 861 2384 ἀίτια
880 2317 961 2410 ποιᾷ
979 2320 1091 2436 σχέσει
1115 2313 1176 2401 855
1196 2314 1292 2406 τύχην

280 2429 363 2545 ε’ἴγοι
384 2416 559 2510 λεγόντων·
592 2419 684 2542 55858'
712 2445 747 2486 88
775 2414 879 2498 ὁύτως
905 2415 944 2485 τὸ
969 2415 1052 2487 ἀντὸ
1072 2423 1124 2514 85
1145 2429 1208 2510 μέν
1229 2419 1292 2490 ἀπὸ

279 2523 395 2616 τύχης,
423 2551 469 2620 85
453 2519 571 2592 δέ’
555 2519 613 2590 ού·
647 2515 729 2590 ὅταν
750 2519 769 2589 5
789 2519 891 2611 μέν
871 2524 975 2590 αυτοῦ
995 2518 1141 2620 γινώσκχ
1163 2522 1224 2608 τὴν
1246 2521 1295 2592 ἀι-

277 2631 369 2712 τίαν,
405 2595 524 2696 ὁδὲ’
504 2628 615 2721 ἀγνοῇ.
671 2628 814 2748 Προςέτι
835 2650 869 2692 τε
891 2627 958 2692 ἐπεὶ
978 2626 1076 2693 πλείω
1101 2629 1167 2696 τοῦ
1194 2625 1295 2696 ἀοτοῢ

280 2759 389 2814 αιτιοι,
411 2732 474 2818 ε’ίγε
496 2729 658 2820 τετραχῶς
678 2727 749 2810 22)
772 2718 816 2796 ὧν
836 2725 880 2796 τά
898 2736 959 2815 μέν
980 2730 1146 2818 ἐνδέχεται
1165 2735 1297 2854 εἰδέναι,

276 2834 321 2903 .τά
344 2838 381 2902 δὲ
401 2830 463 2923 μή·
498 2831 538 2899 τὸ
565 2828 648 2902 ἀντό
676 2858 710 2899 τι
741 2823 813 2920 ἀμοι
840 2832 886 2926 85
916 2828 1006 2924 ἀντῷ
1027 2839 1085 2900 καὶ
1108 2831 1180 2902 ἀπὸ
1202 2831 1297 2922 τύχης

279 2944 337 3009 καλ
357 2933 429 3026 ούχὶ
450 2932 517 3004 ἀπὸ
537 2933 636 3024 τύχης
662 2935 756 3004 ἔσται
784 2936 854 3017 25),
890 2930 931 3003 ἀν
959 2901 1001 3002 τά
1032 2939 1094 3022 μέν
1124 2963 1204 3006 τινα
1237 2938 1298 3004 τῶν

281 3038 395 3110 ἀιτίων
416 3036 520 3108 ἀστοῦ
540 3040 687 3134 γνωρίζῃ,
707 3034 752 3105 τά
772 3041 808 3105 δὲ
829 3033 951 3131 ἀγνοῇ·
974 3033 1013 3104 ού
1034 3035 1102 3131 γάρ
1123 3037 1297 3134 διώρισται

279 3140 375 3237 παρά
405 3139 464 3226 τὴν
495 3146 636 3235 ποτέρου
664 3142 729 3209 τῶν
755 3136 869 3212 ἀντίον
896 3137 1076 3226 ἀγνοιανὴ
1101 3140 1199 3234 τύχη.
1250 3141 1299 3211 ’Eo

281 3244 345 3339 γὰρ
374 3249 497 3333 λέγοιεν
526 3242 571 3334 μὴ
600 3242 659 3327 τὴν
687 3249 773 3312 τιοὶν
801 3238 997 3334 ἀνθρώποις
1028 3239 1145 3316 ἀιτίαν
1179 3245 1294 3332 ἀδηλοι

281 3354 366 3420 έῖναι
386 3373 445 3436 την
466 3344 585 3438 τύχην,
608 3343 694 3416 ἀλλά
714 3342 774 3427 τὴν
794 3342 951 3414 καθόλου
971 3347 1073 3415 πᾶσιν
1088 3346 1301 3443 ἀνθρώποις,

283 3448 353 3522 555
376 3445 459 3531 ὅλως
481 3453 564 3520 ε’ἴναί
584 3475 617 3520 τι
638 3453 835 3576 συγχωροῖεν
855 3445 897 3517 ἀν
917 3446 976 3531 τὴν
998 3445 1117 3538 τύχην,
1144 3450 1302 3530 Ιδιδόντες

283 3581 317 3624 τε
344 3558 429 3626 έῖναι
458 3551 634 3643 μαντικὴν,
668 3558 724 3619 και
755 3553 819 3620 855
847 3548 977 3634 ἀδήλων
1003 3550 1236 3626 δοκούντων’
1220 3581 1300 3626 εινοιι

276 3664 353 3738 τοῖς
374 3655 489 3738 ἀλλοις
509 3652 689 3776 γνωστικὴν
709 3651 812 3738 ἀυτὴν
829 3660 1010 3743 τιθέμενοι.
1048 3652 1159 3726 'Ec
1117 3687 1188 3754 γαρ
1205 3662 1302 3730 τοῦτο

281 3761 436 3852 δωρίζειν
456 3751 651 3884 βουλόμενοι
671 3762 795 3844 λέγοιεν
816 3755 875 3839 τὴν
891 3755 1021 3841 ἀίδηλον
1037 3765 1111 3878 τρῖς
1126 3758 1303 3844 ἀνεπιστη-

280 3887 383 3953 μοσιν
404 3859 516 3931 ἀιτίαν
536 3858 655 3950 τύχην,
676 3861 771 3929 ἔσται
791 3858 879 3928 κατά
899 3865 1017 3930 τοῦτον
1038 3859 1099 3932 τὸν
1123 3862 1230 3953 λόγον
1251 3871 1303 3936 καὶ

277 3964 327 4032 ,τά
357 3963 445 4034 κατά
472 3963 533 4046 τάς
561 3960 742 4052 ἐπιστήμας
770 3989 804 4031 τε
831 3970 887 4032 καὶ
914 3967 1029 4054 τέχνας
1049 3963 1216 4056 γινόμενοι
1237 3974 1303 4044 805·
