2782 4790
219 421 278 526 αι
333 467 338 477 ’

215 627 316 700 νύσιν.
356 626 461 698 Ηέ
426 633 461 694 δέ
482 624 560 716 τύχη
549 633 638 711 ηκαὶ
660 623 697 692 τὸ
723 623 912 746 ύντύματον
933 629 965 693 έν
983 632 1051 705 τοῖς
1073 622 1159 693 66’
1140 625 1226 693 αντα

215 737 417 852 γιγνομένοις
447 726 505 798 ὂύκ
531 733 619 796 ἐστιν
640 726 838 850 ἐνύπαρχον
872 727 911 795 τὸ
933 727 998 848 γαρ
1021 727 1104 797 ἆντὸ
1126 732 1224 796 τοῦτο

214 833 403 925 γιγνόμενον
430 832 515 900 νατόι
537 828 656 953 τύχην,
694 829 753 901 οὐκ
775 832 837 919 έχει
862 830 921 955 τὴν
937 829 1039 958 τύχην
1061 835 1094 898 ἐν
1115 829 1224 924 ἀντῷ·

214 936 271 1006 666
286 942 392 1005 ταῦτα
407 941 442 1004 '66
457 929 566 1004 066‘
545 964 587 1014 ως
602 930 687 1013 ἐῖδός
699 960 732 1002 τε
750 941 805 1002 καὶ
819 933 857 1002 τὸ
878 937 911 1002 τί
932 933 972 1017 66
986 939 1068 1003 ἐῑναι
1090 929 1169 1016 ‘6'
1134 961 1225 1002 αιτια

215 1044 321 1108 ταῦτα
346 1067 415 1134 τοις
441 1036 530 1106 66³
510 1035 612 1107 αοτύ
648 1036 767 1127 τὸμὲν
787 1036 855 1158 γὰρ
878 1041 1003 1116 έῑὸος
987 1035 1158 1163 εννπούρχει
1179 1041 1225 1132 τῷ

215 1140 255 1211 66
274 1140 380 1210 ιἰέτιύν
397 1146 483 1223 ἐστι,
505 1139 696 1263 μιγνύμενον
712 1143 746 1209 έν
762 1168 799 1237 τη
787 1135 876 1224 666
893 1147 949 1208 καὶ
965 1146 1086 1261 μένον,
1101 1137 1226 1210 τούτων

213 1250 249 1367 66
271 1243 451 1394 οὐδέτερον.
490 1241 659 1328 Ἀλλὰ]
603 1244 679 1373 μὴν
697 1239 805 1312 066³
782 1273 825 1324 ος
838 1249 931 1324 τέλος
947 1251 1003 1311 καὶ
1015 1241 1054 1311 τὸ
1070 1239 1109 1312 66
1125 1247 1227 1312 ἕνεκεν

161 1473 164 1479 ·
212 1456 411 1542 γιγνομένων
432 1448 451 1534 6
473 1448 553 1540 τύχη
576 1447 718 1529 σκοπός·
741 1439 865 1543 ἑκάστῳ
878 1459 938 1538 μὲν
955 1449 1020 1542 γὰρ
1034 1454 1099 1518 τῶν
1115 1476 1225 1538 γιγνο-

211 1559 316 1643 μένων
340 1558 441 1622 ἕνεκέν
466 1578 556 1631 τινος
584 1551 761 1644 ὡρισμένος
783 1548 801 1619 6
828 1551 966 1635 σκοπὸς,
1004 1551 1161 1645 ιἰὁριστον
1190 1558 1227 1622 66

213 1653 337 1725 τούτων
366 1652 527 1748 ἑκάτερον.
580 1652 687 1724 Ἀλλὰ
714 1653 780 1742 μὴν
805 1659 833 1723 ἒι
859 1659 891 1724 ἐν
911 1660 1023 1744 μηδενὶ
1043 1658 1106 1725 τῶν
1128 1659 1226 1748 τριῶν

213 1755 325 1826 ὄιιτίοιν
343 1755 468 1827 τούτων
490 1762 576 1826 ἐστὶν
595 1753 616 1840 6
638 1755 735 1847 τύχη,
763 1755 785 1841 6
804 1755 935 1838 ούὸενύς
956 1762 1044 1827 ἐστιν
1070 1757 1182 1842 ἆιτὶα,
1204 1758 1226 1842 6

212 1863 259 1944 666
278 1857 319 1928 ἂν
341 1863 375 1930 ἐν
396 1867 466 1940 τοῖς
486 1867 680 1944 ποιητικοῖς.
723 1865 794 1929 Καὶ
814 1859 879 1952 μὴν
897 1860 940 1928 τοι
956 1860 1113 1944 ποιητικὰ
1133 1859 1226 1930 ἇίτια

213 1961 301 2042 τινὸς
321 1967 423 2032 ἕνεκεν
443 1972 533 2031 ποιεῖ
546 1962 589 2031 τὰ
605 1960 781 2054 γιγνόμενα
798 1962 882 2054 πρὸς
900 1962 1024 2046 ἀντῶν,
1061 1971 1114 2032 καὶ
1137 1965 1226 2034 ἔστιν

213 2063 327 2145 ἆντοῖς
359 2062 537 2159 ὡρισμένον
565 2073 597 2136 τὶ
629 2073 722 2147 τέλος
752 2070 962 2155 προκείμενον
969 2120 978 2150 ,
1017 2060 1123 2162 ὥσπέρ
1144 2061 1166 2150 6
1191 2095 1226 2136 τε

213 2165 330 2264 φύσις,
364 2165 464 2253 6666
493 2175 586 2260 τέχνη
609 2173 655 2253 ⁵),
693 2178 749 2238 καὶ
772 2167 792 2253 6
815 2173 1022 2263 προαίρεσις,
1059 2168 1164 2239 οὐδενὶ
1191 2199 1226 2240 τε

211 2268 336 2341 τούτων
355 2271 491 2355 τᾶντὸν,
514 2271 588 2340 ύύτε
606 2273 644 2340 τὸ
659 2271 849 2361 σἰοτύματον
859 2326 869 2356 ,
892 2271 965 2342 ὃύτε
980 2269 1000 2357 6
1017 2270 1105 2363 τύχη.
1118 2272 1225 2343 ''A660

210 2371 275 2467 χύρ
294 2401 327 2442 τι
346 2373 438 2468 παρὰ
459 2377 566 2444 ταῦτα
591 2373 714 2444 τούτων
737 2373 890 2468 ἑκάτερον
910 2381 993 2445 έῑναι
1015 2381 1111 2447 δοκεῖ.
1154 2381 1248 2471 Καὶ,

210 2475 253 2543 τὰ
279 2481 339 2566 μέν
371 2482 459 2546 ἐστιν
487 2475 667 2571 ὡρισμένα,
703 2486 759 2547 καὶ
791 2477 840 2573 ἐφ’
869 2476 1049 2572 ὡρισμένον
1077 2479 1149 2567 ἄχει
1174 2484 1226 2550 τί·

153 2622 155 2628 ·
211 2578 357 2649 ἄστατον
376 2581 404 2664 6)
428 2585 463 2648 66
485 2589 540 2650 καὶ
556 2578 714 2673 ἀόριστον
731 2581 770 2649 τὸ
791 2585 850 2666 τῆς
872 2581 1002 2705 τύχης.
1016 2580 1067 2652 'Ea
1082 2583 1122 2667 66
1138 2589 1231 2654 δοκεῖ

209 2681 312 2771 μὲν
292 2685 384 2751 αἰτια
405 2687 501 2752 τινῶν
523 2687 622 2766 έῖνοιι,
643 2689 757 2774 μηδενὶ
771 2689 836 2754 δέ
821 2710 890 2754 εστι
905 2690 967 2754 τῶν
982 2684 1093 2756 ἆιτίιον
1106 2687 1226 2814 66666,

112 2856 115 2870 s
187 2783 424 2869 ’κινδυνεύειῆ
448 2783 526 2874 μηδ’
547 2779 667 2867 ὅλως
651 2798 751 2870 εῖναι,
779 2790 799 2871 6
794 2787 923 2870 ἄλλός
944 2816 994 2869 τις
1015 2788 1128 2860 αιτίαν
1130 2791 1226 2918 τρύ-

208 2914 272 2968 πος
293 2893 453 2972 ζητητέος.
506 2894 603 2973 Μηδὲ
625 2883 710 3012 ὅλας
729 2901 789 3015 μὲν
811 2891 869 2961 666
891 2899 1046 2982 λέγειν’
1014 2921 1097 2963 ιιναι
1120 2893 1225 2982 αντα,

210 2989 353 3074 ἄτοπον,
379 2989 560 3083 πράγματα
582 2992 746 3118 τοσαύτην
767 2994 858 3085 ἰσχύν
880 3001 913 3066 ἐν
933 3004 1003 3077 τοῖς
1027 2996 1120 3067 ὀύσιν
1142 3001 1224 3090 ἔχειν

208 3100 461 3198 πεπιστευμένα·
497 3094 600 3176 ἄλλος
631 3101 667 3167 δέ
694 3100 743 3179 τίς
772 3125 838 3167 ποτ
874 3098 915 3168 66
948 3105 994 3185 666
1025 3100 1118 3194 παρὰ
1145 3103 1225 3183 τούς

209 3203 472 3321 προειρημένους
483 3196 626 3326 τρόπους
642 3199 811 3322 ⁷)6666663
854 3200 1025 3286 ΜήποτΗ
1009 3209 1118 3289 σύν,
1107 3211 1172 3276 ἐπεὶ
1194 3214 1223 3289 ⁸)

208 3302 272 3367 τῶν
297 3297 411 3368 ἆιτέιον
437 3299 479 3368 τὰ
499 3307 559 3391 μέν
578 3307 647 3370 έστι
667 3303 794 3372 καθΗ
773 3304 877 3388 αντα,
907 3307 948 3375 τὰ
978 3313 1012 3376 66
998 3307 1118 3378 ὲαατύι
1140 3336 1223 3400 σομ-

207 3399 364 3523 βεβημός
399 3404 469 3495 ἔστι
490 3402 555 3497 γάρ
578 3432 655 3474 τινα
676 3415 732 3475 και
759 3407 846 3476 κατα
874 3411 1129 3499 συμβεβηκὸς
1109 3417 1221 3482 αἰτια·

207 3501 246 3571 τὸ
261 3503 379 3600 γὰρ
344 3507 390 3574 τῶ
410 3486 535 3575 66³²
516 3506 598 3577 αντὸ
620 3517 675 3578 καὶ
697 3514 815 3604 κυρίας
831 3511 924 3608 ἄιτέῳ
946 3515 1035 3596 τινὸς
1057 3521 1223 3607 συμβεβη-

207 3605 285 3689 κὸς,
321 3607 406 3676 κατὰ
401 3611 695 3737 σομβεβηκὸς”
660 3639 781 3699 αιτιον,
814 3623 869 3686 καὶ
890 3616 973 3737 6666
995 3622 1093 3688 τοῦτο
1100 3647 1222 3792 g6666-

144 4007 146 4014 .
206 3915 294 3984 κατὰ
312 3833 583 4007 συμβεβηκὸς,
570 3949 599 3989 α
620 3925 667 4006 ἕέη
684 3925 730 4017 τῷ
751 3923 855 4020 ἰατρῷ
878 3931 976 3996 τοῦτο
999 3837 1236 4052 σνμηύεβηκύς·

207 4017 246 4088 τὸ
255 4018 328 4116 γὰρ
350 4019 555 4113 συμβεβηκὸς
576 4027 622 4121 τῷ
641 4030 790 4099 ποιοῦντι
812 4030 983 4114 ποιητικὸν
1005 4030 1110 4101 ἇιτιον
1134 4025 1221 4100 κατὰ
