2782 4790
253 393 313 456 166

242 561 450 713 ,ούρανὸνκα
465 565 625 651 γενέσθαι
636 561 700 643 ,ἔξω
713 555 1029 648 τῆςδιακοσμούσης
1044 548 1158 625 τάδλοι
1172 579 1256 648 προ·

675 669 742 732 θεν
770 665 935 751 νεμονσῶν
958 658 1035 750 ἡμῖν
1064 658 1105 732 τά
1134 657 1260 748 ἀγαθά

252 727 419 859 δυνάμειν
439 773 503 837 τῶν
524 769 652 868 θεῶν
637 764 774 845 εαυτούς
792 762 1100 857 ἀποστερήσαντες,
1136 759 1258 852 τυγχά-

249 895 363 940 νουσιν
385 870 569 959 ἀναγκαίως
591 873 654 938 τῶν
675 865 733 939 διά
753 871 913 961 τιμωρίας
937 875 994 946 καλ
1015 863 1181 945 κολάσεως
1201 891 1259 935 πε·

250 977 436 1064 ριαγονσῶν
458 973 579 1054 ἀυτούς
600 977 646 1053 έις
668 970 706 1041 τό
728 970 812 1040 καλά
835 968 943 1066 φύσιν
959 965 999 1053 ⁰).

711 1097 714 1106 .
740 1099 789 1146 e..
843 1097 846 1106 ,

259 1199 262 1211 ·
320 1176 452 1248 Τούτων
475 1177 532 1249 ὀῦν
553 1177 640 1248 κατά
665 1205 698 1247 τε
721 1177 786 1259 τάς
802 1177 914 1258 κοινάς
932 1185 987 1246 καλ
1010 1173 1262 1270 ἀδιαστρόφους

250 1284 313 1350 τῶν
334 1286 450 1376 ψυχῶν
472 1285 598 1362 ἐννοίας
618 1288 648 1364 ¹)
673 1277 1062 1373 ὁμολογουμένωνόυτων
1084 1287 1139 1348 καὶ
1152 1275 1191 1349 ’ἓν
1213 1284 1260 1374 τῷ

249 1381 387 1476 δεκάτῳ·
406 1389 470 1454 τῶν
504 1383 628 1476 Νόμων
662 1387 804 1478 ἐναργῶς
839 1383 1135 1472 ἀποδεδειγμένων,
1184 1379 1260 1452 όύτε

249 1484 377 1574 ἀγνοεῖν
402 1484 542 1581 ἡμέτερα
570 1487 647 1567 τούς
674 1487 780 1568 θεοὺς
804 1485 965 1568 δυνατὸν,
989 1482 1068 1554 ’όύέ
1098 1482 1260 1578 ἀόριστον

190 1599 193 1615 '
249 1586 356 1657 ἀυτῶν
372 1593 492 1677 γνῶσιν
513 1592 611 1679 ἔχειν,
643 1584 744 1684 ῶςπερ
770 1587 958 1674 ἐικάζοντας
982 1585 1058 1681 περὶ
1076 1591 1140 1658 τῶν
1163 1591 1260 1677 ἐκβη-

248 1695 400 1777 σομένων.
442 1697 583 1785 Πρῶτον
597 1703 657 1784 μὲν
673 1694 738 1782 γάρ
757 1691 800 1774 ῶς
815 1689 961 1782 ’Τιμαλος
975 1696 1007 1775 ²)
1022 1689 1109 1783 ἡμεῖς
1125 1692 1263 1774 ἐδίδαξε,

247 1799 304 1860 καὶ
325 1791 426 1874 ἀυεὸς
451 1791 469 1861 ὁ
490 1794 722 1887 Ἀριστοτέλης
742 1799 915 1884 θεολογῶν
938 1794 1180 1883 ἀποφαίνεται,
1203 1800 1260 1862 καὶ

247 1895 312 1987 πρὸ
329 1893 454 1967 τούτων
470 1903 701 1992 Παρμενίδης,
731 1897 790 1989 οὐχ
811 1896 828 1966 ὁ
851 1898 944 1992 παρά
961 1895 1120 1968 Πλάτωνι
1135 1895 1258 1988 μόνον,
1326 1901 1330 1908 ’

195 2002 198 2011 '
248 1997 335 2068 ἀλλά
349 2007 405 2069 καὶ
416 1997 435 2070 ὁ
446 2005 480 2070 ἐν
490 2010 560 2082 τοῖς
571 1999 702 2082 οἰκείοις
711 2004 820 2072 ἔπεσιν
833 2007 880 2086 ⁵),
902 1999 996 2071 οὐδέν
1007 1999 1178 2092 έστιπαρά
1190 2009 1261 2081 τοῖς

247 2108 347 2184 θεοῖς
368 2101 443 2173 όύτε
460 2105 713 2198 παρεληλυθός,
736 2102 810 2174 ὀύτε
827 2110 965 2195 μέλλον,
987 2101 1073 2173 ἀλλά
1089 2101 1214 2174 τούτων
1229 2098 1260 2187 ⁴)

246 2215 305 2296 μέν
323 2205 475 2301 ἑκάτερον
495 2206 554 2276 ούκ
577 2207 630 2291 δν,
654 2206 692 2276 τὸ
716 2217 777 2297 μέν
802 2205 930 2292 οὐκέτι,
952 2205 991 2276 τὸ
1013 2211 1048 2275 δέ
1074 2204 1182 2291 όύπω,
1203 2214 1261 2276 καὶ

247 2308 286 2378 τό
312 2320 373 2400 μέν
403 2308 668 2400 μεταβεβληκὸς,
715 2309 753 2378 τό
789 2315 824 2379 δὲ
856 2308 1002 2406 πεφυκὸς
1029 2307 1261 2400 μεταβάλλειν.

252 2410 344 2481 Τάδε.
363 2416 504 2482 τοιαῦτα
532 2418 602 2493 τοῖς
634 2411 737 2493 ὅντως
764 2411 856 2497 δῶσι,
892 2420 949 2482 καὶ
972 2411 1161 2502 μεταβολὴν
1183 2410 1261 2482 οὐδὲ

246 2513 318 2583 κατ’
350 2519 496 2586 ἐπίνοιαν
521 2517 759 2605 ἐπιδεχομένοις
786 2513 1054 2610 προσαρμόττειν
1078 2513 1261 2606 ἀμήχανον.

248 2624 489 2712 Προηγεῖσδαι
516 2617 581 2710 γάρ
609 2615 736 2706 ἀνάγκη
767 2617 805 2687 τὸ
833 2623 998 2700 παντελῶς
1028 2615 1261 2710 ἀμετάβλητον

247 2725 306 2790 τοῦ
324 2719 471 2800 όπωςοῦν
486 2718 772 2809 μεταβάλλοντος,
794 2719 850 2790 ἵνα
866 2727 923 2792 καὶ
940 2727 1019 2816 μένῃ
1036 2719 1260 2812 μεταβάλλον,

246 2818 289 2904 ῶς
306 2851 341 2892 τε
364 2828 415 2892 ἐπὶ
433 2826 540 2906 θεῶν,
562 2820 665 2917 ἀρχῆς
686 2821 825 2914 ἐχόντων
842 2821 925 2918 πρὸς
942 2822 984 2892 τά
1005 2823 1086 2894 ὄντα
1101 2821 1203 2913 λόγον
1217 2830 1260 2909 ⁶),

211 2939 213 2951 '
245 2925 284 2995 τό
309 2925 547 3020 παρεληλυθός
571 2924 593 3010 ἢ
621 2924 661 2995 τό
684 2930 804 3017 μέλλον
831 2931 1046 3056 θεωρεῖσθαι
1074 2926 1261 3013 ἀδύνατον,

245 3026 332 3099 ἀλλά
360 3028 470 3099 πάντα
501 3056 570 3124 παρ
605 3028 720 3111 ἀντοῑς
747 3034 780 3099 έν
804 3033 850 3100 τῶ
879 3034 937 3100 νῦν
958 3035 1028 3100 ἐστι
1056 3059 1101 3098 τω
1131 3029 1255 3102 άιωνὶω

246 3137 419 3226 ἱδρυμένα,
442 3135 505 3201 τῶν
515 3137 676 3240 χρονικῶν
689 3138 825 3264 μέτρων
837 3127 909 3222 άμα
931 3137 970 3230 τῇ
992 3132 1175 3204 ὑποστάσει
1199 3138 1260 3206 τοῦ

243 3234 368 3316 παντός
393 3234 684 3336 ἀναφαινοιιένων,
706 3244 762 3305 καὶ
782 3233 870 3360 μόνα
886 3234 1092 3328 μετρούντων
1110 3236 1153 3310 τά
1168 3238 1260 3307 κατά

240 3336 362 3432 χρόνον
379 3338 537 3468 έχρνταλχ
563 3339 623 3423 τὴν
643 3337 829 3408 ὑπόστασιν
849 3339 870 3424 ἢ
891 3365 952 3425 την
973 3343 1150 3460 ἐνέργειαν·
1171 3336 1254 3422 ῶςτε

244 3449 300 3510 και
328 3441 387 3526 τὴν
412 3442 601 3526 εἰκαστικήν
624 3445 743 3530 γνῶσιν
764 3441 876 3538 πόρῥω
902 3469 966 3513 πον
988 3447 1053 3514 τῶν
1070 3449 1178 3528 θεῶν,
1202 3453 1261 3514 κοιλ

199 3567 201 3577 ·
243 3549 277 3614 ἐν
302 3547 340 3642 τῇ
366 3543 613 3637 ἀποπερατῶσει
634 3549 692 3629 τῆς
718 3549 850 3636 λογικῆς
871 3549 954 3631 ζωῆς
976 3549 1004 3630 ⁷)
1037 3545 1258 3642 ἀπερῥίεχιθαι

242 3645 433 3768 ἀναγκαῑρν.
468 3649 606 3717 ‘Enetw
627 3653 695 3730 πῶς
711 3648 752 3719 ἀν
774 3647 927 3738 δόξαιμεν
945 3677 1032 3719 κατα
1018 3649 1156 3744 βραχύ
1173 3657 1258 3740 γοῦν

243 3749 460 3845 σωφροσύνης
480 3756 638 3842 μετέχειν,
655 3779 694 3850 τη
709 3751 824 3840 γνῶσει
841 3757 906 3822 τῶν
920 3755 1014 3822 θεῶν
1034 3757 1116 3842 μηδὲ
1117 3781 1137 3822 ν
1157 3760 1260 3826 πλέον

242 3852 409 3936 ἀξιυυντες
442 3857 501 3937 τῆς
532 3853 691 3947 ηιιετέρας
723 3831 920 3946 ἀπονέμειν,
955 3855 1043 3926 ἀλλά
1075 3859 1258 3944 τολμῶντες

241 3955 481 4054 ἀμφίβολον
461 3956 564 4041 αυτὴν
593 3966 648 4028 καὶ
673 3957 831 4052 ἀόριστον
860 3957 1053 4050 ὁμολογεῖν,
1102 3962 1170 4050 Τῆς
1191 3958 1258 4053 γάρ
