2782 4790
489 1041 872 1158 elusonu

339 1191 400 1259 DE
431 1198 654 1264 FORTUNA
688 1203 748 1266 ET
783 1204 843 1266 DE
878 1205 1003 1268 FATO
1047 1201 1052 1212 ’

185 1307 191 1316 .
246 1349 279 1387 ex
303 1329 387 1389 Libro
414 1339 450 1418 il.
477 1338 510 1434 de
539 1287 640 1395 ariima.
691 1344 759 1418 Cap.
784 1343 895 1397 van.
922 1359 949 1396 et
977 1346 1103 1400 XLVIII.

326 1495 504 1568 (Interprete
524 1503 635 1572 Augelo
654 1503 776 1558 Caninio
799 1507 1011 1572 Anglartensr'.)

559 1685 775 1703 d——uu-—n
793 1679 798 1686 ⁸

592 1815 743 1884 XLVII.
786 1861 789 1868 ι

541 1925 594 1986 De
616 1935 793 1988 Fortuna.

231 2055 406 2122 Fortunam
434 2071 465 2122 et
497 2081 603 2122 casum
633 2061 715 2124 inter
744 2061 826 2126 entia
848 2062 1067 2126 connumerari
1096 2064 1197 2127 satis·

163 2162 273 2226 testari
301 2175 408 2256 potest
436 2162 610 2226 communis
645 2165 782 2229 omnium
810 2166 993 2242 homiuum,
1028 2187 1107 2250 qnae
1131 2169 1168 2230 de

163 2267 241 2349 ipsis
263 2266 388 2356 habeut⁸
407 2265 601 2348 anticipatio.
647 2267 731 2349 Quid
753 2289 831 2332 vero
857 2268 897 2330 sit
918 2280 1084 2351 utrumque
1112 2291 1168 2332 eo-

90 2413 95 2428 ,
128 2443 140 2470 ⁸
163 2391 251 2446 rum,
277 2382 307 2432 et
324 2369 408 2432 cirea
430 2392 511 2452 quae
530 2370 611 2432 entia
633 2383 796 2448 versetur,
820 2371 986 2434 multitudo
1002 2373 1168 2436 doctorum

165 2472 341 2536 accuratius
365 2473 493 2536 definire
515 2474 664 2536 hactenus
694 2496 758 2552 non
780 2474 896 2556 potuit.
940 2476 1053 2558 Neque
1087 2474 1168 2536 enim

145 2591 269 2640 ‘secruu
291 2575 352 2658 ipsi
381 2597 482 2659 neque
508 2599 578 2638 cum
605 2577 671 2638 aliis
701 2577 892 2640 conveniunt
925 2578 962 2636 de
996 2576 1062 2652 his,
1098 2599 1168 2638 cum

162 2691 265 2742 tamcu
290 2700 358 2742 csse
378 2691 547 2763 utrumque
570 2701 679 2743 eorum
699 2679 855 2762 communi
878 2678 1029 2741 sententia
1047 2679 1168 2742 fatean-

150 2794 227 2844 tur.
264 2781 501 2845 Discutiendum
526 2782 626 2867 igitur
649 2795 679 2846 et
697 2784 951 2865 perpendendum
973 2794 1044 2858 est,
1069 2803 1166 2865 qnae·

163 2906 234 2948 nam
255 2885 419 2968 utriusque
440 2897 551 2947 natura
569 2885 625 2961 sit,
650 2907 682 2947 es
702 2885 786 2947 cirea
809 2905 885 2967 quas
911 2907 961 2947 res
983 2875 1071 2948 fiant.
1106 2885 1166 2947 vi-

162 2991 276 3050 dentur
302 2988 408 3070 itaqne
437 2989 516 3050 haec
541 3009 668 3070 quoque
696 2987 777 3049 inter
803 3007 911 3048 causas
934 2973 1166 3050 connumerari.
1221 3023 1226 3038 x

162 3093 245 3154 Nam
278 3103 309 3154 et
337 3092 480 3154 Fortuna
513 3090 637 3153 videtur
669 3111 737 3152 esse
753 3137 756 3141 -
773 3111 866 3152 causa
896 3109 1006 3152 eorum
1035 3086 1115 3171 quae
1149 3087 1167 3154 a

160 3195 291 3258 fortuna
313 3205 344 3258 et
366 3215 456 3256 casus
481 3215 592 3258 eornm
611 3215 690 3277 quae
712 3215 729 3254 a
751 3213 825 3254 casu
846 3191 937 3255 fiunt.
971 3190 1053 3256 Cum
1068 3191 1165 3275 igitm·

161 3319 272 3360 causae
289 3309 425 3382 quatuor
443 3295 515 3372 sint,
541 3300 579 3360 de
598 3297 710 3378 quibus
731 3317 825 3377 saepe
841 3295 993 3356 disserere
1012 3295 1162 3370 solemus,

114 3402 116 3408 ’
161 3401 347 3478 materialis,
380 3400 546 3476 formalis,
578 3400 722 3465 effectiva
741 3411 773 3462 ct
796 3396 883 3471 finis,
915 3396 947 3458 in
968 3395 1015 3457 his
1037 3417 1164 3460 necesse

160 3515 208 3565 est
231 3515 399 3587 utrumque
422 3523 532 3566 eorum
555 3525 645 3580 esse,
669 3503 696 3565 si
716 3504 812 3564 modo
834 3520 946 3562 causae
966 3510 1049 3561 sunt.
1080 3501 1164 3562 For-

159 3617 265 3668 tunam
293 3595 398 3690 itaque
423 3619 455 3670 et
479 3629 583 3670 casum
605 3619 752 3688 tanquam
774 3602 934 3694 materiam
958 3623 1163 3684 rerumquae

158 3729 216 3790 per
237 3710 304 3792 ipsa
321 3711 400 3772 fiunt
421 3733 528 3774 causas
547 3731 633 3783 esse,
668 3708 770 3770 nullus
796 3705 962 3786 (arbitror)
983 3704 1162 3768 affirmabit.

157 3813 240 3874 Nam
255 3815 410 3876 'Fortuna
433 3825 565 3878 nonest
589 3810 762 3900 subiectum
784 3811 942 3892 quoddam
965 3807 1162 3891 effiguratum
1269 3839 1271 3846 ⁴

156 3926 187 3976 et
211 3915 380 3978 formatum
407 3900 592 4000 abaliquo,
630 3925 665 3976 ut
690 3911 836 3987 materia,
875 3932 955 3995 quae
981 3930 1108 3973 manens
1130 3921 1163 3972 et

153 4015 324 4081 subsistens
350 4019 488 4084 formam
514 4017 650 4102 accipit,
685 4028 716 4078 et
746 4026 793 4078 est
823 4035 916 4078 causa
945 4035 1055 4078 corum
1082 4033 1161 4096 quae
