2782 4790
1078 401 1137 470 tlt

132 561 305 643 ruptione,
342 583 438 643 quare
468 563 498 624 in
532 563 579 626 his
618 565 730 627 Fatum
761 567 950 630 versabitur.
1016 569 1139 630 Verum

133 686 229 747 quum
257 685 298 727 ex
319 664 366 727 his
392 671 543 748 quaedam
572 667 604 728 iu
637 680 706 738 arte,
731 680 761 730 et
786 670 909 733 ratione
931 651 1062 753 quadaiu
1088 693 1140 733 ar-

131 767 274 843 tificiali,
313 773 465 850 quaedam
490 793 532 834 ex
557 772 744 852 proposit0,
781 775 931 856 quaedam
957 795 998 836 ex
1029 785 1141 840 natura

131 870 229 946 fiant,
266 872 526 936 considerandum
552 885 599 936 est
628 874 659 935 in
692 897 826 957 quonam
863 879 976 940 horum
1002 877 1042 938 sit
1074 878 1137 940 Fa-

132 985 217 1050 tum,
242 973 289 1050 si,
314 988 348 1036 ut
368 975 400 1037 in
418 976 562 1038 omnibus
585 977 644 1052 sit,
668 977 861 1060 impossibile
880 991 939 1041 est.
983 981 1049 1042 Res
1064 1002 1138 1044 sane

132 1098 214 1159 quae
235 1099 276 1139 ex
295 1091 361 1140 arte
383 1079 479 1155 fiunt,
503 1079 530 1141 si
551 1080 619 1162 quis
638 1084 807 1142 secundum
825 1082 938 1144 Fatum
960 1095 990 1144 et
1018 1104 1085 1145 esse
1109 1095 1141 1146 et

130 1179 203 1242 fieri
221 1193 356 1256 asserat,
395 1203 591 1264 nequaquam
611 1182 811 1264 opinionibus
838 1187 875 1245 de
897 1185 979 1248 Fato
1003 1205 1137 1250 consen-

130 1283 199 1346 tiet.
244 1284 424 1346 Ridiculum
452 1285 569 1368 quippe
595 1298 642 1347 est
664 1287 778 1348 lectum
802 1298 854 1347 aut
877 1307 1036 1349 scamnum
1056 1289 1139 1352 Fato

129 1385 251 1448 lachim
276 1409 344 1450 esse
371 1388 474 1452 dicere
497 1400 549 1450 aut
569 1390 670 1469 lyram
691 1389 896 1452 modulationi
918 1393 1137 1454 accommoda·

128 1500 194 1550 tam
216 1493 386 1554 secundum
412 1494 547 1566 Fatum3
584 1491 628 1554 ita
656 1492 737 1554 enim
761 1492 860 1555 omnis
887 1514 938 1554 ars
965 1493 1048 1555 Fato
1071 1514 1139 1556 esse

128 1592 264 1656 dicetur.
310 1594 394 1675 Quin
421 1616 462 1656 ne
492 1617 529 1658 ea
554 1595 677 1678 quidem
707 1617 842 1678 quorum
865 1617 958 1660 eausa
988 1607 1035 1658 est
1060 1617 1137 1677 pro-

129 1696 288 1777 positum,
318 1697 401 1761 Fato
430 1718 499 1760 esse
528 1711 672 1780 possunt.
717 1700 843 1761 Horum
873 1698 954 1760 enim
984 1698 1016 1761 in
1046 1698 1140 1762 nohis

128 1799 319 1881 principium
346 1813 412 1878 est,
450 1789 515 1864 non
537 1813 640 1864 autem
663 1801 879 1876 extrinsecum
918 1803 1032 1864 Fatum
1060 1823 1140 1864 vero

128 1902 162 1964 in
183 1915 297 1966 nostro
322 1904 454 1968 arbitrio
477 1917 623 1968 nonest.
668 1905 750 1966 Nam
776 1903 835 1966 etsi
855 1904 969 1966 Fatum
994 1904 1078 1967 eirea
1100 1926 1138 1968 ea
1175 1991 1178 1996 Α

129 2019 295 2082 versetur,
320 2007 406 2072 eirca
427 2030 506 2091 quae
528 2019 673 2072 versatur
696 2006 787 2069 etiam
808 2006 941 2068 liborum
960 2007 1135 2097 arbitrium,

129 2095 236 2172 tamen
264 2109 369 2173 differt
393 2133 411 2173 a
434 2111 537 2175 libero
567 2109 712 2172 arbitrio.
768 2109 857 2189 Quae
884 2109 1045 2192 igiturex
1070 2122 1137 2172 arte

128 2223 162 2274 et
183 2213 354 2295 proposito
371 2215 468 2289 fiunt,
499 2235 518 2276 a
538 2215 621 2278 Fato
642 2213 811 2276 auferenda
836 2224 930 2274 sunt:
964 2211 1011 2274 his
1034 2225 1137 2276 autem

129 2315 265 2394 ablatis,
289 2316 487 2400 reliquuntur
509 2339 562 2393 ea,
588 2340 723 2400 quorum
742 2315 952 2400 generationis
975 2327 1137 2408 causaest

128 2431 268 2496 natura,
317 2420 349 2484 in
384 2441 464 2504 quae
497 2422 610 2484 Fatum
641 2420 807 2502 imperium
841 2420 958 2480 habere
999 2418 1136 2482 videtur.

131 2521 169 2585 Si
187 2522 257 2605 quis
277 2534 379 2585 autem
401 2523 540 2587 exactius
564 2536 596 2586 et
618 2523 795 2607 diligentius
822 2521 996 2605 disquirere
1018 2522 1137 2594 volue·
1191 2609 1192 2612 Ἴ

130 2625 174 2688 rit
197 2647 249 2688 eas
275 2627 461 2705 sententias,
497 2627 581 2711 qnae*
599 2630 636 2690 de
658 2628 741 2691 Fato
768 2625 915 2690 recitatae
940 2635 1033 2699 sunt,
1073 2645 1139 2686 uon

129 2729 217 2793 eirea
242 2731 301 2794 alia
328 2752 429 2815 neque
457 2731 488 2795 in
520 2731 586 2796 aliis
608 2733 692 2814 ipsas
719 2717 857 2794 inveniet
882 2730 997 2793 Fatum
1019 2727 1137 2790 consti·

131 2845 239 2910 tuere,
275 2848 367 2917 quam
395 2835 427 2899 in
451 2835 488 2898 iis
514 2857 593 2918 quae
623 2834 806 2897 naturaditer
827 2833 918 2894 fiunt.
945 2893 948 2902 .
973 2833 1016 2896 Et
1042 2831 1073 2894 in
1098 2830 1137 2892 iis

130 2936 209 3018 lpsis
231 2938 416 3018 praesertim
445 2938 627 3002 animalibus
658 2950 689 3001 et
720 2958 800 3019 quae
832 2957 873 2998 ex
901 2955 1011 2998 eorum
1040 2934 1138 2997 eolla-

75 3041 80 3050 '
131 3038 219 3102 tione
245 3053 448 3125 generantur.
492 3044 605 3124 Neque
629 3039 710 3104 enim
734 3039 881 3102 usitatum
907 3049 976 3113 est,
1010 3049 1043 3100 ut
1063 3059 1136 3098 mu·

64 3195 65 3200 ,
132 3154 218 3205 tuam
250 3143 477 3208 elementorum
507 3143 799 3208 transmutationem
826 3143 907 3204 Fato
944 3139 1013 3202 fieri
1052 3139 1136 3204 dica-

131 3267 214 3308 mus.
259 3245 342 3310 Cum
370 3248 474 3331 itaque
499 3251 612 3316 Fatum
636 3248 668 3312 in
699 3246 736 3309 iis
766 3256 910 3310 versetur
936 3264 1016 3325 quae
1035 3263 1137 3322 supra

132 3349 398 3426 memoravimus,
433 3373 564 3435 eumque
589 3353 622 3414 id
647 3351 817 3414 delaratum
847 3346 907 3422 sit,
943 3365 1138 3427 consequens

131 3450 207 3514 hinc
232 3464 314 3517 esset
337 3475 505 3536 quaerere,
543 3467 648 3517 utrum
672 3455 735 3516 tale
759 3450 904 3526 exsistat,
940 3460 973 3512 ut
993 3468 1137 3546 necessa·

133 3553 215 3616 rium
238 3577 275 3622 ae
296 3556 475 3621 inevitabile
498 3557 555 3634 sit,
580 3570 615 3620 ut
636 3569 732 3639 poeta
752 3553 863 3638 inquit.
892 3583 895 3592 λ

129 3695 134 3700 ·
207 3670 279 3722 Non
300 3669 446 3741 quisquam
463 3675 568 3726 Fatum
588 3672 693 3738 bonus,
713 3679 765 3722 arat
784 3677 825 3722 sit
843 3674 980 3739 pessimus
998 3669 1065 3736 tlte,

209 3771 355 3825 Devitare
373 3782 487 3842 potest,
506 3775 554 3828 nbi
569 3781 693 3850 primum
713 3775 822 3826 viderit
842 3790 939 3826 auras.
