2828 4792
1132 414 1171 480 11

164 578 240 648 fieri
264 577 477 646 simulacrum.
522 581 630 663 Quare
651 601 723 646 cum
746 580 807 646 ista
833 580 895 646 sint
922 585 1087 648 cainarum
1117 605 1175 671 ge.

163 707 263 763 nera,
288 695 322 748 et
340 684 417 750 istis-
434 684 645 750 discriminata
666 685 895 763 varietatibus,
919 687 1023 770 palam
1040 699 1089 752 est
1103 689 1168 752 Fa·

165 801 235 852 tum
261 787 331 852 iure
349 787 432 852 inter
453 811 506 853 eas
520 789 676 854 nominari
694 812 823 867 causas,
847 811 924 874 quas
940 790 1070 873 opifices
1086 791 1172 854 dixi·
1262 780 1264 792 ’

163 913 259 968 mus,
298 891 371 977 quia
393 892 663 976 comparationem
683 893 772 960 inse
794 893 934 960 continet
956 915 1027 958 cum
1049 894 1171 960 artifice

163 994 325 1060 simulacri
345 997 511 1062 effectore.

636 1403 702 1470 IV.

227 1506 325 1588 Quod
346 1526 418 1570 cum
439 1505 484 1572 ita
505 1529 540 1574 ee
561 1509 698 1585 habeat,
739 1527 936 1592 consequens
966 1521 1013 1572 est
1039 1509 1077 1572 de
1100 1509 1175 1591 opi·

160 1608 275 1674 ficibus
297 1610 399 1674 causis
428 1611 561 1694 amplius
591 1611 790 1676 disseremus.
847 1612 927 1676 Inde
960 1612 1042 1676 enim
1075 1633 1175 1695 appa·

162 1712 249 1776 rebit
287 1735 327 1776 au
366 1713 506 1778 omnium
539 1735 620 1798 quae
649 1715 730 1780 fiunt
765 1735 860 1778 causa
895 1715 1102 1780 adscribenda
1134 1715 1176 1780 sit

161 1819 268 1894 Fato,
309 1839 348 1880 an
376 1839 458 1882 vero
488 1817 548 1882 alia
576 1818 608 1882 in
631 1841 757 1882 censum
783 1819 871 1882 illum
893 1841 1057 1883 causarum
1081 1819 1175 1900 opifi-

159 1943 233 1984 cum
262 1919 375 1987 vocari
403 1920 552 1986 debeant.
595 1921 788 1986 Aristoteles
817 1933 933 1986 crmcta
961 1943 1042 2006 quae
1074 1921 1173 1998 fiuut,

166 2022 380 2111 dispartiens,
411 2027 564 2107 quaedam
586 2025 629 2088 ait
650 2025 778 2090 alicuius
800 2024 849 2090 rei
870 2046 951 2111 ergo
973 2026 1064 2099 fieri3
1086 2046 1175 2088 nem-

161 2147 204 2208 pe
227 2125 347 2190 cumis
370 2125 515 2209 quirem
537 2127 652 2204 efficit,
700 2129 797 2192 habet
817 2128 850 2190 in
885 2140 1059 2210 conspectu
1082 2127 1177 2192 animi

161 2231 320 2312 quendam
342 2229 430 2294 velut
451 2229 546 2292 finem
568 2228 636 2294 sive
657 2251 802 2312 scopum·
821 2251 886 2315 quo
916 2229 1037 2294 tendit:
1077 2251 1191 2315 quae,

161 2335 235 2396 dam
257 2351 338 2396 vero
359 2353 425 2396 non
454 2331 499 2396 ita
527 2332 611 2398 fieri.
678 2333 901 2417 Quaecunque*
928 2335 1010 2399 enim
1038 2356 1103 2399 non
1137 2337 1193 2404 ad.

160 2435 282 2519 aliquid
318 2435 514 2500 destinantur
550 2439 590 2500 ab
623 2419 740 2520 opifice
775 2459 880 2523 neque
915 2439 1100 2502 reseruntur
1137 2439 1176 2501 ad

161 2540 260 2602 finem
282 2538 416 2623 aliquem
446 2539 625 2617 definitum,
664 2539 769 2625 qualia
797 2553 869 2604 sunt
896 2541 1090 2606 iestrrcarum
1118 2563 1175 2624 ap·

161 2641 333 2724 prehensio
362 2641 568 2725 versatioque
590 2654 622 2705 et
642 2643 781 2725 pilorum
812 2643 1023 2708 contrectatio
1054 2655 1085 2708 et
1118 2666 1175 2707 ex-

160 2745 265 2808 tensio
298 2756 330 2808 et
359 2744 386 2808 si
419 2766 499 2829 quae
531 2745 579 2808 his
614 2759 687 2810 sunt
715 2746 823 2831 paria,
858 2747 933 2812 talia
959 2747 1030 2810 fieri
1050 2747 1176 2842 quidem

164 2859 308 2924 constat,
345 2859 376 2910 at
397 2869 462 2912 non
490 2849 608 2912 habent
636 2849 669 2912 id
703 2871 815 2916 camec
848 2873 947 2936 genus
982 2854 1070 2934 quod
1097 2853 1176 2933 pro·

163 2951 305 3034 positum
327 2962 358 3016 et
387 2952 508 3016 euius
538 2973 639 3036 ergo
663 2953 810 3018 diximus.
855 2955 915 3018 Illa
936 2953 1054 3039 igitur,
1095 2973 1175 3038 quae

163 3055 211 3117 sic
245 3056 284 3117 de
315 3053 492 3138 improviso
524 3052 796 3140 indeliberatoque
828 3057 929 3136 fitmt,
954 3057 1086 3122 nullam
1114 3059 1172 3120 ha·
1234 3041 1243 3054 ’

165 3159 243 3220 bent
274 3157 306 3220 in
339 3179 373 3221 se
410 3158 536 3242 dignam
572 3160 611 3220 de
647 3179 710 3242 qua
740 3160 910 3243 loquamur
946 3161 1175 3225 diversitatem.

109 3297 113 3304 ·
168 3263 294 3331 Eomun
322 3281 403 3326 vero
433 3275 513 3343 quae
543 3263 583 3324 ad
611 3261 695 3325 aliud
719 3263 900 3328 resemmtur
922 3263 1051 3349 eiusque
1072 3264 1176 3349 gratia

164 3365 266 3442 fiunt,
302 3365 362 3428 alia
384 3363 464 3426 fiunt
484 3375 622 3442 natrma5
661 3365 722 3429 alia
750 3367 885 3431 ratione.
930 3369 1013 3432 Nam
1035 3388 1072 3432 ea
1095 3388 1176 3451 quae

165 3479 256 3532 ortus
279 3467 328 3532 sui
349 3487 475 3532 cerream
496 3467 613 3530 habent
634 3480 795 3546 naturam,
835 3489 895 3552 per
926 3482 1032 3536 certos
1066 3492 1176 3534 nume·
1248 3475 1252 3494 ⁸

164 3592 221 3635 ros
244 3561 283 3634 ac
305 3573 422 3656 gradus
443 3571 621 3652 procedunt
643 3573 682 3634 ad
703 3572 737 3635 id
757 3593 822 3656 quo
847 3571 1058 3638 destinantur:
1089 3576 1176 3657 quod

164 3674 221 3737 ubi
249 3685 420 3738 consecuta
448 3683 535 3736 sunt·
550 3695 630 3765 quae
658 3674 758 3753 fiunt,
805 3675 949 3742 desinunt
982 3677 1071 3754 fieri,
1116 3676 1177 3740 nisi

167 3777 252 3840 aliud
284 3776 400 3862 aliquid
436 3779 474 3840 dc
494 3788 690 3842 transverso
720 3779 911 3852 interveniat
948 3791 979 3842 ct
1018 3780 1100 3844 viam
1136 3782 1175 3844 ad
1240 3809 1245 3825 .

166 3880 200 3942 id
228 3903 294 3964 quo
323 3882 454 3943 tendunt
482 3879 702 3963 interrumpat.
769 3885 831 3948 Sed
862 3905 900 3946 ca
935 3905 1015 3968 equae
1052 3883 1174 3946 ratione

171 3985 250 4046 sumt
274 3983 408 4068 aliquem
435 3984 563 4048 habent·
580 3983 674 4048 tinem
696 3987 919 4070 propositum:
964 4009 1064 4072 neque
1093 3986 1174 4051 enim
